2638 3685
159 242 213 316 26

115 411 197 479 plures
214 412 325 476 epistolas
342 409 470 469 dirimenti,
487 408 544 457 mihi
562 416 638 458 autem
656 406 715 455 haue
734 408 889 474 quaestionem
907 406 1044 457 adcuratius
1062 395 1172 473 perscru-

102 498 184 558 ..lanti,
201 514 278 561 neque
295 496 359 556 olim,
377 512 455 560 neque
472 511 535 543 nrrnc
551 495 597 545 alia
614 495 700 545 solutio
719 493 865 542 admittenda
883 493 985 552 videtur,
1002 512 1081 562 quana
1098 494 1172 557 impe·

117 581 192 630 ditum
209 581 282 636 luisse
299 577 402 627 Paulum
420 581 444 626 in
462 581 555 642 itinere,
578 582 720 649 quominus
740 580 865 645 epistolam
883 579 913 629 ad
931 581 1003 630 linem
1021 580 1174 648 perduceret,
1212 567 1218 572 ’

117 683 216 733 eamque
237 665 400 730 imperfectam
421 682 501 715 secum
523 667 663 729 Corinthum
681 665 811 727 adtulisse,
828 667 863 715 ibi
881 685 937 716 vero
956 684 1009 716 eum
1029 685 1076 715 non
1094 667 1174 714 omnia

116 754 169 801 laeta
186 753 312 818 reperisse,
326 753 444 800 exstitisse
462 759 540 802 autem
559 753 693 812 nonnullos,
711 754 752 819 qui
770 753 800 801 dc
815 754 866 801 cius
885 755 1024 802 auctoritate
1042 752 1175 811 detrahere,

115 840 191 906 idque
216 856 264 886 non
285 840 335 887 sine
358 840 445 888 ellectu
469 839 589 906 quodam,
606 839 733 890 studerent.
768 839 816 887 His
832 856 937 904 praesens
955 842 1019 888 omni
1037 839 1134 887 lenitate
1152 844 1175 885 et

115 926 260 974 humanitate
283 943 409 975 occurrere
431 927 530 974 tentavit
553 928 607 988 (12,
624 927 646 974 1.
664 926 722 989 10),
741 925 797 985 sed,
815 933 840 972 ut
856 925 964 987 videtur,
979 926 1073 974 frustra.
1108 925 1174 971 Intra

116 1013 171 1061 illos
188 1028 244 1060 vero
262 1019 311 1060 tres
328 1030 429 1072 menses,
446 1029 512 1078 quos
524 1010 581 1060 huic
598 1013 774 1062 commorationi
792 1011 878 1059 tribuit
888 1011 977 1072 Lucas,
994 1014 1040 1060 iter
1057 1013 1082 1059 in
1101 1010 1174 1059 alium

117 1099 198 1149 locum
223 1098 322 1147 Graeciae
347 1105 481 1164 susceptum
499 1098 619 1160 incidisse,
640 1117 687 1147 non
705 1116 840 1164 possumus,
859 1099 916 1164 quin
934 1106 1078 1162 statuamus,
1096 1110 1175 1166 neque

120 1188 183 1234 enim
197 1184 322 1244 Corinthi,
344 1185 386 1233 sed
410 1187 434 1232 in
452 1184 546 1233 Graecia
564 1185 665 1233 Paulum
687 1200 731 1247 per
748 1190 795 1231 tres
813 1201 906 1232 menses
923 1180 1096 1233 commoratum
1114 1203 1176 1246 esse,
1231 1214 1234 1219 ·

119 1273 194 1321 refert
211 1272 292 1321 Lucas
306 1272 372 1335 (Act.
391 1271 431 1331 20,
449 1271 471 1319 2.
491 1270 525 1333 3).
560 1270 589 1318 Si
605 1272 721 1337 ponimuS,
738 1271 763 1317 in
781 1269 827 1319 hoc
842 1272 927 1319 itinere
946 1271 976 1318 ad
994 1272 1097 1320 Paulum
1114 1272 1175 1321 rela-

120 1367 170 1407 tum
187 1375 253 1420 esse,
270 1357 432 1418 adversarios,
456 1358 506 1405 aitis
524 1356 629 1405 absentia
645 1357 727 1417 fretos,
745 1364 816 1420 caput
840 1358 965 1405 sustulisse
983 1375 1085 1425 eumque
1100 1363 1175 1407 omni·

120 1444 165 1493 hus
185 1445 309 1493 calumniis
325 1445 428 1508 petiisse,
444 1443 506 1491 hene
522 1443 684 1510 intelligimuS,
701 1444 823 1490 incitatum
841 1443 916 1492 fuisse
933 1444 1044 1506 Paulum,
1061 1453 1088 1493 ut
1104 1446 1175 1494 talem

120 1532 191 1580 linem
210 1529 314 1596 epistolae
330 1531 470 1594 imponeret,
484 1547 592 1596 eamque,
607 1531 651 1577 iam
668 1528 762 1594 plenam
780 1537 803 1577 et
821 1529 963 1593 ahsolutum,
978 1538 1098 1598 tamquam
1116 1552 1175 1599 prae·

121 1634 240 1667 cursorem
256 1618 320 1665 tertii
337 1618 374 1664 sui
391 1615 505 1665 adventus
523 1614 663 1673 Corinthum
681 1617 791 1664 mitteret.
936 1614 938 1617 ’

129 1717 134 1736 l
209 1703 309 1752 Etiamsi
327 1719 383 1751 vero
401 1705 426 1751 in
443 1702 486 1750 has
503 1720 529 1750 re
546 1702 630 1750 incerti
647 1700 740 1768 aliquid
757 1710 877 1765 remanet,
897 1703 978 1764 nulla,
996 1705 1061 1771 quod
1079 1706 1109 1754 ad
1128 1709 1176 1771 epi·

121 1791 204 1840 stolam
229 1789 259 1837 ad
283 1790 408 1838 Romanos
426 1788 530 1849 adtinet,
549 1787 674 1836 dubitandi
689 1789 750 1836 ratio
765 1788 839 1837 adest.
879 1789 976 1854 Scripta
994 1794 1056 1839 enim
1075 1793 1177 1843 aschae

121 1877 221 1944 epistola
243 1875 368 1937 Corinthi,
392 1883 416 1924 et
443 1875 540 1942 quidem
561 1874 607 1923 hoc
626 1881 739 1940 ternpore.
774 1875 866 1940 Ephesi
884 1878 932 1924 iam
955 1876 1001 1925 sihi
1019 1889 1178 1944 proposuerat

120 1963 254 2029 Apostolus
274 1962 443 2012 Macedoniam
467 1969 491 2011 et
511 1960 628 2010 Achaiam
644 1978 781 2028 peragrare,
805 1961 892 2010 deinde
909 1962 1102 2031 Hierosolymam
1121 1986 1177 2033 pro-

78 2087 80 2091 .
119 2050 203 2112 ficisci,
220 2067 267 2117 quo
285 2049 350 2098 facto
367 2050 470 2098 Romam
486 2047 568 2096 videre
585 2047 659 2095 voluit
676 2048 742 2112 (Aet.
763 2048 804 2109 19,
823 2048 875 2111 21).
910 2049 961 2097 lam
979 2052 1005 2099 in
1023 2069 1051 2100 eo
1071 2062 1129 2114 erat,
1151 2065 1178 2103 ut

120 2156 173 2187 cum
190 2138 306 2203 pecunia,
330 2154 402 2202 quam
424 2134 454 2184 ad
472 2133 631 2183 sublevandos
647 2151 765 2200 pauperes
781 2137 806 2183 in
824 2134 912 2183 dudaea
930 2144 1012 2186 coetus
1027 2139 1177 2191 Macedoniae

121 2232 146 2272 et
162 2223 261 2274 Achaiae
279 2221 432 2288 collegerant,
452 2219 643 2287 Hierosolymam
660 2220 862 2287 proficisceretur,
879 2221 944 2270 unde
957 2220 1062 2273 Romam
1079 2244 1105 2275 sc
1122 2246 1177 2278 oon·

122 2310 186 2359 ferre
202 2309 286 2369 voluit,
304 2315 327 2356 et
345 2307 432 2357 deiude
448 2309 473 2355 in
490 2306 632 2373 Hispaniam
650 2306 715 2356 ahire
734 2308 818 2371 [Rom.
837 2307 878 2358 15,
896 2307 1017 2373 25-28).
1051 2312 1177 2377 Phoeben,

122 2397 254 2445 ministram
277 2394 395 2456 ecclesiae,
418 2412 469 2461 quae
487 2392 630 2453 Cenchreis,
646 2393 761 2442 suburbio
780 2393 949 2454 Corinthiaco,
974 2403 1038 2461 erat,
1060 2399 1177 2451 Romanis

123 2481 273 2532 commendat
290 2481 343 2545 (lo,
361 2482 399 2544 l),
416 2498 493 2547 neme
510 2498 559 2529 non
578 2477 657 2541 Gaias,
674 2499 688 2528 a
706 2497 755 2548 quo
772 2481 938 2529 salutationem
955 2480 1072 2550 adiungit,
1097 2505 1178 2554 quem.

123 2588 170 2638 que
190 2587 259 2618 suum
283 2576 306 2616 et
326 2569 398 2619 totius
420 2567 522 2618 eeclesiae
545 2566 662 2636 hospitem
679 2566 784 2632 adpellat
812 2571 845 2630 (v.
863 2566 916 2629 23),
936 2565 1048 2617 Corinthi
1066 2571 1177 2641 degebat,

122 2657 165 2706 uhi
181 2654 316 2724 Apostolus
335 2672 387 2705 eum
404 2653 563 2720 baptizaverat
581 2652 607 2716 (l
626 2652 681 2704 Cor.
699 2654 723 2716 l,
741 2653 784 2718 ld)
803 2653 832 2720 ⁷).

165 2890 182 2935 ⁷)
206 2889 235 2925 Dr
246 2888 276 2924 hle
290 2888 327 2926 rial.
343 2886 473 2934 Selmrlinpius
486 2888 506 2924 in
518 2885 608 2933 cicatrici
620 2886 645 2927 lor
654 2888 701 2926 ttirtr
714 2900 733 2935 aa
746 2887 834 2936 theologie
847 2888 884 2935 atta.
898 2888 917 2933 al
928 2888 946 2930 ὃ.
961 2889 1023 2930 atram
1037 2891 1060 2929 ll.
1075 2895 1115 2932 224.
