2638 3685
158 222 210 293 30

116 391 161 439 tuit
179 390 219 453 ³),
238 388 258 436 si
277 388 351 454 igitur
368 387 460 436 Paulus
477 388 519 435 uni
535 387 655 453 praefecto,
672 387 688 439 i.
707 402 726 436 e.
761 385 849 449 Burro,
871 385 972 436 traditus
988 386 1069 450 sit,‘id
1087 395 1140 437 ante
1158 404 1178 437 a.

117 476 151 524 62
170 476 260 525 factum
278 491 330 522 esse
348 471 462 540 sequitur.

205 561 289 608 Romae
312 559 391 606 Paulo
417 560 558 624 permissum
577 569 628 620 est,
644 567 670 608 nt
686 576 740 608 eum
757 559 833 608 milite
851 578 904 609 eum
923 559 1071 611 custodiente
1087 562 1112 609 in
1131 562 1179 627 pri-

116 649 176 695 vatis
193 645 285 694 aedibus
302 652 409 712 maneret
427 644 499 708 (rhet.
517 646 558 709 28,
577 648 636 712 16),
662 646 749 695 mansit
766 653 844 695 autem
861 665 904 713 per
920 647 1042 696 biennium
1060 651 1180 716 integrum

116 736 203 782 insuo
222 732 343 783 domicilio
361 731 474 781 mercede
491 733 620 796 conducto,
636 749 766 800 omnesque
784 733 815 781 ad
833 751 886 783 eum
900 732 1063 802 ingredientes
1079 737 1180 801 excipie-

116 819 166 881 bat,
184 837 276 868 summa
291 836 345 867 cunr
361 818 481 881 libertate,
495 822 591 869 nemine
610 819 757 888 prohibente,
775 837 875 886 regnum
895 821 1000 869 divinum
1018 827 1041 868 et
1059 819 1179 870 Christum

116 906 249 973 praedieans
268 909 300 971 (v.
318 906 360 958 30,
378 906 432 970 31).

205 992 247 1040 Ex
271 992 317 1042 hae
338 994 473 1058 captivitate
495 992 607 1042 Romana
622 991 769 1058 pretIosisma
788 997 882 1039 exstant
899 1001 1061 1055 monumenta,
1079 1000 1180 1060 quatuor

37 1113 39 1116 -
118 1079 211 1127 scilieet
227 1079 301 1127 Pauli
317 1079 429 1145 epistolae.
464 1079 558 1128 Harum
577 1086 636 1140 tres,
654 1076 766 1144 epistolas
783 1077 814 1124 ad
831 1077 964 1143 Ephesios,
983 1079 1182 1148 Colossenseset

118 1165 296 1228 Philemonem,
313 1184 362 1215 non
377 1166 469 1227 Romae,
487 1150 530 1213 sed
548 1163 661 1214 Caesareae
678 1165 777 1229 scriptas
795 1181 847 1212 esse
863 1167 945 1213 statuit
961 1166 991 1215 Ie.
1003 1166 1181 1231 Selrultzius4),
1245 1156 1248 1160 ’

119 1269 199 1319 neque
220 1260 300 1300 tamen
322 1252 414 1301 idoneis
436 1252 570 1301 rationibus
595 1253 730 1301 sententiam
750 1268 817 1298 suam
834 1251 942 1299 evincere
959 1257 1043 1317 potuit.
1078 1254 1181 1302 Etiamsi

120 1340 206 1388 incerti
217 1338 368 1400 haereremus,
385 1339 414 1387 ad
433 1357 559 1407 quemnam
575 1339 654 1387 lorum
671 1337 716 1385 illae
733 1336 840 1406 epistelae⁸
856 1321 934 1386 essent
951 1339 1090 1401 referendae,
1107 1341 1181 1390 tutius

122 1427 219 1473 omnino
243 1424 480 1474 forettraditionem
504 1427 588 1492 sequi,
613 1442 662 1492 quae
678 1425 781 1472 Romam
798 1429 919 1490 tamquam
936 1424 1025 1488 locum,
1039 1425 1104 1474 unde
1122 1425 1181 1475 datm

122 1513 177 1572 sint,
195 1518 330 1560 constanter
349 1511 465 1578 designat.
501 1511 581 1561 Multa
600 1519 675 1559 autem
691 1509 827 1558 adtulerunt
843 1512 888 1558 riri
906 1510 971 1561 docti
988 1513 1028 1576 ⁵),
1056 1530 1109 1580 quae
1131 1530 1181 1562 om-

121 1598 179 1645 nino
196 1615 241 1663 pro
259 1599 338 1646 Roma
355 1597 452 1661 sariunt,
471 1599 560 1666 quihus
578 1594 694 1647 adsentire
711 1614 759 1645 non
778 1596 927 1661 dubitamus,
945 1606 1114 1665 quumautem,
1130 1616 1181 1666 quae

122 1686 169 1732 iam
188 1684 266 1732 adlata
281 1692 343 1745 sunt,
361 1692 499 1751 argumenta
515 1692 623 1751 repetere
640 1702 686 1732 non
701 1684 791 1744 lubeat,
805 1682 852 1732 hoe
869 1683 924 1739 loeo
942 1686 966 1731 in
984 1685 1067 1750 paneis
1085 1685 1182 1751 quibus·

122 1770 177 1818 dam
194 1770 388 1820 adnotationibus
402 1770 591 1838 adquiescamus.
625 1770 715 1819 Paulus
732 1771 757 1818 in
776 1770 876 1835 epistola
894 1769 925 1818 ad
942 1769 1117 1832 Philemonem,
1134 1771 1182 1836 Co-

121 1857 192 1906 lossis
210 1857 336 1925 degentem
354 1856 454 1920 (Call,
471 1858 510 1921 9),
528 1864 593 1905 certe
612 1856 692 1905 eodem
710 1863 826 1920 tempore,
844 1874 892 1923 qno
910 1864 993 1906 ceterae
1009 1856 1070 1919 duee,
1087 1859 1183 1923 scripta,

121 1943 184 1994 laune
200 1944 247 1992 sihi
264 1944 393 2009 hospitium
411 1962 497 2009 parare
509 1943 577 1992 iubet
594 1942 704 2008 (Philam.
720 1962 741 1990 v.
759 1943 818 2006 22),
837 1961 903 2008 spem
915 1944 988 2010 igitur
1003 1943 1107 2005 fovebat,
1122 1944 1183 2006 fore,

121 2038 148 2078 nt
171 2048 229 2079 mox
250 2032 285 2078 in·
298 2030 432 2078 libertatem
453 2032 630 2090 restitueretur,
647 2047 694 2097 quo
712 2029 791 2091 facto,
808 2030 833 2077 in
852 2032 930 2085 animo
948 2028 1052 2094 hahebat
1069 2029 1183 2079 Colossas

122 2134 148 2175 se
172 2117 296 2180 couserre3
321 2116 368 2164 hoc
383 2124 473 2178 autem,
497 2115 613 2184 quamdiu
634 2115 746 2164 Caesareae
769 2115 914 2164 detineretur
936 2117 1120 2184 Romanumque
1137 2120 1183 2166 iter

122 2205 235 2264 instaret,
257 2203 304 2251 sihi
328 2220 462 2268 proponere
485 2205 600 2271 nequivit.
639 2203 724 2251 Recte·
737 2202 832 2270 quidem
854 2204 947 2251 monuit
969 2203 1126 2271 Wiggersius
1151 2205 1183 2267 ⁶),

125 2289 310 2354 adpellationem
328 2290 358 2337 ad
377 2289 503 2352 Caesarem,
520 2308 573 2357 qum
587 2291 610 2336 in
630 2307 698 2338 causa
716 2290 769 2350 fuit,
788 2307 831 2336 eur
847 2288 950 2338 Romam
968 2276 1108 2351 mitteretur,
1134 2307 1183 2337 nou

124 2384 179 2424 ante
195 2376 321 2425 adventum
339 2376 405 2424 Festi
422 2376 501 2425 locum
517 2376 631 2425 hahuisse
648 2374 713 2440 (rhet.
731 2375 772 2436 25,
789 2375 829 2424 to.
847 2359 899 2437 ll),
916 2376 996 2441 itaque
1013 2394 1095 2424 versus
1111 2376 1183 2425 finem

124 2464 266 2528 captivitatis
285 2462 457 2526 Gaesareensis3
481 2471 593 2523 attamen,
616 2463 704 2511 etiamsi
726 2461 887 2522 concedimus,
905 2464 1010 2526 potuisse
1019 2462 1121 2510 Paulum
1138 2463 1182 2511 sub

123 2549 206 2598 Felice
224 2567 333 2615 sperare,
357 2566 383 2597 se
406 2550 506 2599 vinculis
524 2549 651 2598 liberatum
667 2550 709 2610 iri,
728 2565 756 2596 eo
773 2556 852 2596 tamen
870 2554 976 2613 tempore
993 2549 1118 2598 eonsilium
1136 2549 1197 2618 Cog

169 2719 186 2763 ³)
211 2715 331 2763 Angerlle.
614 2741 615 2744 ,

168 2781 186 2823 ¹²]
211 2780 267 2826 aanor.
282 2779 358 2815 &tabita
370 2789 388 2816 u.
400 2777 474 2815 eritrea
487 2780 537 2815 1829,
551 2776 575 2813 (ὅ.
590 2777 623 2810 612
635 2776 651 2822 tt.

169 2843 185 2886 ³)
209 2842 277 2886 tondet,
296 2841 406 2878 horruerat
423 2841 463 2878 fiber·
479 2843 509 2878 ten
525 2840 577 2883 tirtel
594 2847 616 2874 aa
634 2841 657 2876 tir
671 2839 754 2886 [tabefiat.
769 2840 814 2878 euri.
828 2841 853 2877 Θ.
866 2838 930 2876 LXIII
943 2842 961 2887 ff.
992 2842 1074 2886 (brattea,
1091 2843 1188 2890 bistrrtldtq

211 2906 281 2950 trititrte
300 2903 397 2950 eiulatum
415 2904 432 2939 ia
444 2904 479 2948 [bno
497 2905 520 2941 a.
538 2903 559 2941 Z.
578 2901 603 2937 &a
616 2902 648 2937 370
661 2903 683 2948 ,tt
710 2903 1103 2952 arana,ortariatrreranmprar.1.
1123 2909 1156 2943 372
1169 2907 1182 2951 t,

211 2969 288 3013 &telget
308 2969 336 3003 tet
349 2966 401 3010 {Briet
413 2965 464 3010 illarii
476 2977 497 3002 ar
510 2967 535 3003 tie
547 2964 620 3009 batuto·
634 2964 657 3002 (23.
670 2967 702 3001 3³5
715 2966 731 3011 tt.
744 2977 765 3003 rr.

170 3033 185 3076 ⁵)
211 3031 293 3074 bebatur
306 3039 334 3075 pn
348 3027 445 3075 dictatura
458 3030 476 3065 ta
488 3029 513 3066 tte
524 3028 584 3073 {betete
597 3036 618 3063 aa
630 3027 654 3065 tie
666 3027 716 3076 det),
727 3028 765 3066 ea.
778 3027 810 3065 aab
824 3037 846 3064 aa
858 3029 872 3064 b.
885 3029 979 3077 aarum
1008 3031 1066 3077 ttmt.
1079 3031 1153 3070 (atatim
1166 3043 1182 3069 u.

211 3092 287 3129 tttltitru
300 3092 351 3128 rael.
363 3089 378 3125 1.
392 3091 431 3127 439.
