2638 3685
178 242 233 319 24

135 411 318 478 descriptionem
334 410 416 460 Lucas
433 410 506 470 dedit,
525 387 656 481 Caesaream
673 406 766 456 devenit
785 405 836 473 (21,
854 405 944 471 1-8),
966 407 1029 455 unde
1046 404 1187 473 Hierosoly-

133 512 197 558 mam
215 496 338 546 adscendit
356 498 385 561 (v.
404 496 456 558 15),
472 497 553 568 itaque
572 498 634 546 eirea
649 501 741 560 tempus
758 494 813 543 festi
830 494 984 544 Pentecostes
1006 512 1026 543 a.
1044 493 1083 544 58.

168 621 169 624 ,
222 583 304 643 Quum
325 598 374 629 non
395 582 442 629 nisi
464 588 513 629 tres
534 599 629 652 prensos
650 582 704 630 anni
725 580 798 641 illius,
815 588 871 648 post
888 581 1017 630 discessum
1035 599 1065 630 ex
1081 579 1188 647 Epheso,

132 672 158 716 in
176 667 271 718 Achaia
295 668 437 735 transegerit
466 666 617 733 Apostolus,
633 669 652 717 si
668 666 752 716 ultimo
769 669 849 718 itineri
863 670 969 736 quinque
986 669 1024 717 vel
1040 686 1083 717 sex
1099 667 1189 717 bebdo-

131 754 214 803 mades
239 754 411 816 conceduutnr‚
428 753 522 822 reliqna
537 773 603 822 ¹pars
623 755 800 805 commorationi
823 756 848 803 in
872 755 1029 815 Macedonia,
1047 737 1071 806 i,
1088 773 1109 805 e.
1126 753 1190 803 band

133 841 207 890 dubie
221 840 350 907 Philippis,
367 840 545 901 Thessalonicae
565 849 589 891 et
607 842 716 902 Beroea,
738 840 894 890 adtribuenda
910 842 960 891 erit.
998 841 1053 890 Hoc
1076 849 1190 906 ternpore,
1240 845 1243 853 '

131 928 195 977 unde
212 945 269 976 vcro
287 945 336 975 non
354 935 457 990 constat,
474 930 563 994 scripta
578 936 617 985 :est
633 926 734 977 secunda
752 927 783 975 ad
802 926 940 976 Corinthios
958 928 1065 993 epistola.
1103 927 1190 976 (isten-

133 1014 193 1062 duut
211 1015 306 1076 omnia,
331 1014 393 1064 hane
411 1015 534 1080 epistolam
555 1031 604 1064 non
621 1014 693 1063 multo
710 1022 764 1079 post
782 1015 886 1079 priorem
903 1015 1018 1080 scriptam
1035 1031 1094 1063 esse.
1128 1015 1191 1062 Eva-

133 1107 196 1149 serat
213 1118 291 1167 nuper
308 1101 401 1149 Paulus
424 1103 450 1149 in
465 1101 527 1150 Asia
549 1118 579 1150 ex
597 1118 685 1150 summo
703 1102 755 1148 vitae
774 1100 910 1149 discrimine
927 1102 954 1166 <2
973 1099 1028 1150 Cor.
1047 1101 1070 1162 1,
1088 1100 1104 1149 8
1121 1103 1207 1169 sqq.),⁴

133 1187 258 1236 Troadem
279 1194 431 1253 pervenerat,
456 1194 527 1254 atque
549 1187 607 1236 inde
623 1189 647 1235 in
663 1186 837 1248 Macedoniam,
855 1187 937 1235 Titum
955 1187 1108 1253 quaesiturus,
1135 1206 1191 1253 pro-

135 1275 213 1323 fectus
231 1281 281 1322 erat
300 1274 335 1339 (2,
352 1274 468 1337 12‚13];
485 1276 544 1336 iam,
559 1274 660 1323 adventu
677 1276 728 1323 Titi
745 1280 865 1322 recreatus
883 1272 918 1337 (7,
941 1273 964 1324 6.
988 1272 1028 1337 7),
1043 1276 1191 1339 propositum

136 1359 242 1409 habebat
260 1359 398 1409 Corinthios
416 1378 468 1408 cnm
485 1360 660 1411 Macedonibus
677 1360 818 1428 quibusdam
835 1362 911 1408 visere
926 1359 961 1425 (9,
978 1359 1012 1424 tl).

226 1447 291 1496 Mira
310 1454 388 1495 antem
404 1446 444 1494 hie
462 1449 565 1495 occurrit
583 1447 722 1496 observatio.
755 1447 795 1496 Ex
809 1445 907 1494 historia
918 1445 990 1495 Pauli
1001 1446 1117 1496 haetenus
1126 1466 1191 1497 enar·

137 1541 188 1583 rata
209 1533 269 1582 nibil
291 1533 386 1581 omnino
410 1532 520 1597 adparet,
542 1532 608 1582 nude
630 1533 740 1600 colligere
757 1534 888 1599 possimus,
910 1533 1025 1594 Paulum,
1048 1535 1094 1583 nisi
1112 1537 1193 1598 semel,

137 1621 180 1670 illo
204 1621 256 1686 ipso
281 1627 401 1685 tempore,
427 1621 495 1667 euius
512 1618 570 1670 Act.
586 1637 639 1684 ¹cap.
656 1619 687 1667 ’18
700 1622 788 1668 mentio
805 1619 846 1679 fit,
872 1618 982 1667 Corinthi
1005 1620 1093 1683 fnisse,
1115 1640 1193 1689 neque

137 1710 241 1773 priorem
259 1706 383 1771 epistolam
400 1705 533 1774 perlegenti
551 1705 720 1773 selquidquam
738 1707 815 1768 offert,
839 1706 904 1772 qnod
927 1709 951 1754 in
968 1707 1103 1772 opinionem
1124 1706 1193 1754 indn-

138 1795 284 1858 cerepossit,
301 1793 405 1841 Paulum
421 1801 478 1841 tune
495 1794 543 1841 iam
561 1792 600 1841 bis
613 1792 671 1841 bane
683 1793 766 1841 urbem
781 1793 893 1842 visitasse.
928 1793 1013 1859 Neque
1029 1793 1097 1840 aliter
1114 1808 1139 1839 se
1156 1807 1194 1840 res

136 1880 208 1929 babet
224 1881 249 1927 in
266 1879 388 1944 prioribus
405 1880 524 1946 capitibus
543 1879 648 1946 epistolae
665 1880 810 1943 posterioris,
851 1879 995 1927 Existimant
1018 1879 1113 1945 quidem
1135 1895 1193 1926 non-

137 1967 211 2028 nulli,
234 1965 307 2015 verba
325 1966 408 2014 Pauli:
433 1966 545 2035 ”Bepara
559 1967 591 2018 pp}
608 1966 699 2031 ἐμαυτῷ
715 1967 800 2025 τοῦτο,
825 1964 853 2017 ad
875 1964 909 2030 ped
931 1967 1001 2017 πάλιν
1018 1972 1042 2017 ἐν
1061 1964 1120 2031 hiep
1138 1963 1195 2033 raptio

99 2117 101 2119 Ι
137 2055 199 2119 ὑμεῖς
221 2059 299 2105 ἐλθεῖν
323 2054 350 2117 (2
373 2052 430 2116 Cor.
447 2053 478 2115 2,
501 2055 527 2117 l)
545 2051 623 2119 priori
639 2052 673 2101 illi
690 2054 868 2100 eommorationi
885 2070 933 2101 non
951 2055 1084 2113 convenire,
1106 2055 1131 2101 in
1149 2072 1196 2120 qua

101 2121 103 2130 1
138 2139 199 2189 nihil
221 2140 288 2187 triste
308 2139 429 2204 Apostolo
451 2140 573 2199 acciderit⁷
596 2137 658 2186 unde
680 2139 803 2205 eolligunt,
828 2158 880 2188 enm
902 2140 947 2188 alia
965 2142 1015 2189 vice
1032 2141 1093 2188 inter
1111 2140 1195 2189 Corin-

139 2227 217 2287 thios,
240 2233 263 2272 et
286 2225 384 2292 quidem
405 2227 500 2274 tristitia
525 2224 658 2285 adsuetum,
680 2233 797 2273 versatum
821 2227 901 2275 fnisse.
936 2225 971 2274 rit
988 2207 1084 2275 minime
1101 2245 1196 2277 necesse
1258 2287 1259 2290 Ἰ

141 2325 185 2378 est,
201 2323 229 2363 nt
245 2312 280 2366 ad·
307 2319 331 2362 ἑν
356 2309 415 2378 λύπῃ
439 2312 469 2360 ad
486 2306 623 2378 preeecdebs
645 2309 713 2363 oollae
734 2311 848 2373 trabatur⁷
866 2312 930 2379 qnod
948 2314 1034 2362 rectius
1052 2330 1106 2362 eum
1122 2314 1196 2378 verbo

141 2410 219 2455 ἐλθεῖν
238 2398 430 2464 coniungentium
449 2406 483 2447 est
501 2400 538 2464 3)3
557 2399 608 2473 haec
625 2400 686 2446 enirn
704 2407 739 2447 est
756 2401 870 2447 sententia
888 2398 967 2459 Pauli,
984 2398 1049 2446 nolle
1066 2417 1100 2460 se,
1123 2418 1196 2466 quum
1226 2463 1227 2466 Ἰ

140 2489 242 2549 rediret,
266 2484 399 2534 Corinthiis
425 2504 519 2534 eausam
534 2484 636 2533 tristitiae
650 2501 706 2537 esse,
741 2484 850 2534 Similem
867 2486 1064 2535 constructionem
1082 2485 1196 2535 babemus

142 2579 156 2626 1
176 2576 233 2625 Cor.
258 2574 298 2633 16,
323 2572 349 2619 7:
371 2570 414 2623 ’On
431 2578 492 2624 orto
509 2572 560 2643 peip¹
575 2569 637 2635 ὑμεῖς
654 2571 708 2640 dpar
725 2579 749 2624 ir
766 2570 861 2638 παρόδῳ
880 2578 943 2634 ἰδεῖν,
961 2572 1024 2621 unde
1041 2572 1107 2620 nullo
1125 2574 1196 2622 modo

143 2661 350 2725 nondumpotest,
367 2658 469 2707 Paulum
486 2677 526 2708 eos
545 2664 615 2731 antea
630 2664 654 2709 iu
670 2657 764 2728 παρόδῳ
781 2658 873 2707 vidisse.
906 2660 995 2708 Errant
1008 2666 1130 2725 praeterea7
1148 2663 1197 2727 qni7

142 2751 250 2817 potuisse
267 2746 316 2794 illis
333 2745 481 2811 temporibus
499 2753 593 2795 coetum
612 2742 761 2794 christianum
780 2745 852 2794 condi
869 2748 919 2794 sine
936 2748 1061 2796 vexatione
1079 2754 1101 2795 et
1119 2749 1197 2797 anxie·

143 2846 199 2899 tate7
227 2835 370 2893 existimant,
394 2831 458 2899 qnod
482 2850 563 2899 neque
586 2830 695 2880 Corinthi
717 2833 811 2883 licuisse
834 2851 863 2880 ex
885 2832 940 2884 rhet.
964 2851 1014 2900 cap.
1039 2834 1071 2882 18
1094 2842 1197 2898 constat5

145 2924 217 2992 qnid,
246 2919 311 2988 quod
340 2921 392 2983 ipse
420 2919 510 2968 Paulus
537 2937 563 2968 se
585 2914 646 2965 inter
670 2919 807 2971 Corinthios
835 2927 858 2971 tn
887 2919 1000 2987 tinctula
1024 2925 1061 2972 aeci
1084 2928 1107 2973 ἐν
1132 2920 1197 2989 φόβῳ

192 3122 208 3163 ³)
234 3116 274 3153 Csr.
289 3115 317 3150 Dc
330 3114 418 3150 Wettins
431 3115 484 3153 adh.
498 3117 508 3151 1.
