2638 3685
1092 226 1140 340 21

132 407 280 473 Apostolus,
292 413 337 469 et,
354 408 389 457 'ad
405 410 575 470 constantiam,
592 408 912 474 honestatem'mntnumque
928 421 1032 454 amorem
1051 401 1187 463 exhortans,

133 495 223 542 animos
239 493 354 543 lectorum
372 496 442 560 erigit
459 510 586 561 eorumque
602 496 694 543 luctum
707 492 870 544 defunctorum
888 492 1026 542 consolatur
1043 511 1086 560 spe
1101 491 1188 540 adven·

131 586 170 627 tus
187 579 301 640 Domini,
325 597 396 646 quem
412 579 497 627 vividis
514 581 634 630 coloribus
652 579 770 646 depingit,
787 581 857 630 simul
874 580 1019 642 admonens,
1035 580 1103 629 illum
1123 578 1186 626 diem

131 666 254 735 inopinato
272 683 324 713 esse
341 673 473 726 venturum,
495 673 656 735 terroremque
673 667 711 725 iis,
732 668 771 733 qui
787 685 895 716 securam
911 668 985 734 agunt
1001 669 1081 729 vitam,
1105 667 1186 713 incus·

132 840 152 886 si
170 840 326 887 adnunciaret
343 837 476 903 Apostolus
493 856 567 903 prope
584 840 673 887 instare
691 837 752 886 diem
760 839 865 902 Domini,
880 848 951 907 atque
967 840 1023 888 ideo
1041 847 1119 889 mente
1136 847 1184 887 tnr-

131 769 213 800 surum
232 753 269 814 (4,
287 751 320 800 ld
333 746 369 788 ¹—
386 751 411 813 5,
428 751 465 814 3).
505 753 565 801 Hac
582 754 614 802 ita
633 752 750 816 accepisse
767 752 875 802 videntur
892 753 1132 814 Thessalonicenses,
1156 767 1184 800 ac

130 928 200 978 batos
223 928 297 976 fuisse
320 925 347 988 (2
365 924 449 973 Thess.
468 924 491 985 2,
509 925 594 988 1-2).
629 924 761 990 Apostolus
775 943 849 986 vero,
872 926 918 974 sibi
936 928 1045 975 conscius
1060 926 1120 974 nihil
1136 925 1184 972 tale

131 1033 145 1065 ,e
161 1015 230 1063 dictis
245 1016 271 1062 in
288 1014 367 1078 priore
385 1009 485 1077 epistola
501 1011 553 1058 iur'e
570 1015 620 1061 erui
637 1028 723 1077 posse,
741 1013 889 1079 veritusque,
906 1029 936 1060 ne
954 1012 1058 1078 epistolae
1075 1000 1184 1079 supposi-

116 1105 172 1149 ''tiar
190 1118 234 1149 suo
252 1101 347 1148 nomine
365 1097 573 1147 circumferrentur
591 1098 647 1162 (cfr.
665 1095 689 1156 3,
708 1095 764 1159 11),
790 1117 841 1164 quae
864 1106 943 1147 tamen
965 1100 1064 1149 fortasse
1081 1116 1130 1146 uon
1149 1116 1185 1146 re-

131 1192 191 1256 vera}
210 1175 351 1246 existebant,
367 1195 395 1235 ut
413 1187 495 1236 turbas
512 1192 587 1236 motas
605 1184 700 1233 sedaret
717 1185 852 1250 animosque
870 1185 1049 1252 tranquilliores
1069 1184 1188 1245 redderet,

132 1275 230 1341 alteram
247 1275 277 1322 iis
293 1274 364 1322 mittit
381 1274 518 1340 epistolam,
548 1273 577 1320 de
594 1290 641 1338 qua
659 1269 706 1317 hoc
723 1270 775 1318 loco
792 1270 852 1319 nihil
867 1271 933 1320 aliud
951 1272 1125 1321 observandum
1143 1279 1186 1333 est,

133 1378 204 1427 quam
219 1362 331 1425 scriptam
346 1377 397 1409 esse
414 1360 475 1409 bane
495 1376 590 1427 qnoque
603 1355 722 1417 Corinthi,
738 1363 804 1405 tanto
819 1376 833 1405 a
849 1360 931 1424 priore
948 1359 1081 1420 intervallo,
1098 1364 1187 1426 quanto

132 1464 192 1512 opus
219 1454 281 1507 erat,
306 1453 332 1494 ut
354 1448 446 1512 priores
468 1446 542 1495 literae
565 1427 759 1494 Thessalonicam
778 1446 929 1509 pervenirent
950 1452 973 1494 ct
992 1445 1023 1494 de
1043 1446 1129 1494 effectu
1148 1463 1186 1493 ea·

131 1552 184 1581 rum
208 1534 308 1583 nuncius
332 1531 473 1582 Corinthum
497 1533 648 1599 perferretur.
696 1529 803 1579 Aderant
826 1530 904 1581 adhuc
926 1532 1039 1581 Silvanus
1062 1539 1086 1582 et
1102 1533 1185 1582 Timo-

131 1620 201 1668 theus
219 1620 303 1687 (1,1).

221 1857 283 1907 Post
309 1858 365 1906 illos
391 1856 505 1907 tumultus
527 1855 637 1905 Corinthi
669 1854 778 1904 Gallione
805 1854 954 1905 Proconsule
977 1857 1057 1907 Lucas
1080 1859 1186 1909 Paulum

131 1962 204 2011 porro
226 1936 314 2015 ’ἡμέρας
339 1954 418 2001 thanac
440 1946 465 1991 in
489 1943 533 1992 bac
556 1942 615 1991 urbe
638 1943 777 1990 remansisse
798 1950 879 1990 narrat
907 1942 973 2007 [Aet.
992 1944 1187 2013 18‚18J‚qu0‹1

131 2034 246 2098 temporis
263 2034 364 2098 spatium
382 2033 432 2079 sine
450 2030 523 2078 dubio
541 2031 588 2076 iam
605 2030 630 2077 in
647 2028 690 2077 illo
707 2046 753 2078 arno
771 2035 793 2076 et
810 2028 909 2077 dimidio
929 2047 1078 2099 anuosupra
1096 2035 1126 2100 (v.
1144 2036 1186 2100 11)

131 2125 263 2169 memorato
282 2120 422 2167 continetur.
456 2117 548 2165 Paulus
564 2116 646 2182 igitur,
664 2115 711 2165 boc
728 2124 831 2180 tempore
848 2116 937 2181 elapso,
953 2118 978 2164 in
995 2117 1091 2184 Syriam
1108 2125 1186 2170 enavi-

132 2208 209 2274 gavit,
232 2204 403 2272 Ephesumque
423 2204 544 2270 pervenit,
565 2202 621 2250 iude
638 2220 709 2265 vero,
726 2202 789 2250 nulla
805 2221 873 2251 mora
887 2205 1023 2265 interiecta,
1045 2206 1187 2278 Hierosoly-

131 2311 193 2342 mam
210 2293 279 2358 petiit
297 2292 329 2356 1),
346 2292 433 2340 festum
450 2292 539 2338 instans
556 2288 590 2337 ibi
608 2288 768 2339 celebraturus
785 2292 818 2352 [v.
836 2289 957 2354 18-22).
1000 2292 1060 2341 Erat
1082 2295 1129 2345 boc
1152 2297 1186 2346 fe-

132 2387 202 2441 stum,
216 2380 265 2428 sive
284 2378 411 2445 paschatis,
428 2368 485 2438 sive,
502 2376 566 2444 quod
582 2376 713 2426 secundum
730 2377 782 2425 anni
796 2382 890 2443 tempus
906 2379 1055 2443 probabilius
1072 2390 1115 2444 est,
1132 2403 1189 2450 pen-

131 2473 235 2515 tecostes
252 2467 308 2514 anni
326 2465 364 2515 54.
399 2465 581 2531 Hierosolyma,
599 2472 625 2512 ut
641 2464 741 2526 videtur,
757 2461 820 2510 baud
844 2463 886 2511 diu
911 2475 1079 2531 commoratus,
1102 2470 1189 2521 Antio·

133 2552 211 2602 chiam
234 2551 371 2613 descendit,
392 2537 640 2619 ibiquealiquautum
659 2551 768 2600 remansit
790 2548 900 2619 (ποιήσας
930 2551 1014 2622 χρόνον
1036 2555 1092 2607 read
1108 2576 1129 2606 v.
1150 2560 1188 2611 22,

133 2640 186 2703 23).
210 2626 356 2688 ¹Galatieam
372 2638 458 2687 deinde
476 2640 597 2706 regionem
617 2645 640 2686 et
656 2636 785 2706 Phrygiam
804 2636 884 2686 denuo
902 2640 1005 2689 visitavit
1023 2643 1053 2706 (v.
1073 2643 1130 2709 23),
1147 2645 1189 2695 ubi

134 2726 164 2773 de
180 2725 288 2787 collecta,
314 2743 366 2792 quae
383 2726 408 2773 in
425 2724 536 2774 Judaeum
553 2726 694 2788 mitteretur,
710 2724 820 2792 praecepit
844 2725 871 2792 (l
890 2725 947 2778 Cor.
967 2728 1007 2789 16,
1033 2727 1067 2792 1),
1083 2730 1190 2781 tandem-

181 2920 196 2965 ¹)
219 2919 329 2958 Verbailla
341 2922 385 2960 Act.
398 2924 426 2963 18,
438 2923 473 2957 21:
496 2921 530 2958 Aci
545 2935 568 2968 με
585 2920 657 2960 πάντως
673 2922 708 2971 τήν
725 2918 784 2969 e'oorriv
799 2917 832 2966 τήν
847 2921 943 2970 ἐρχομένην
956 2923 1029 2971 ποιῆσαι
1040 2922 1063 2963 eis
1074 2922 1189 2976 Ἱεροσόλυμα

223 2984 306 3028 genuina
319 2995 367 3026 cssc,
381 2994 493 3032 persuasum
504 2983 607 3031 habemus,
623 2985 747 3034 nequeenim
760 2982 796 3018 alia
808 2983 857 3019 ratio
870 2985 942 3029 aderat,
955 2999 989 3022 cur
1001 2992 1100 3035 tantopere
1112 2989 1189 3025 festina.

222 3049 253 3080 rct
271 3046 387 3095 Apostolus,
406 3056 468 3095 neque
484 3046 542 3084 facilc
559 3046 643 3095 intelligi
655 3052 732 3097 potest,
751 3045 845 3093 ullomodo
859 3046 901 3085 baec
912 3049 981 3092 uerba,
999 3049 1037 3086 uisi
1054 3050 1077 3086 ab
1094 3052 1188 3100 Apostolo

223 3107 301 3157 scriptu,
313 3108 430 3156 irrepserint.
