2638 3685
192 235 242 307 36

144 402 215 492 Diu
233 440 282 489 haec
298 437 458 505 praemeditata
476 454 538 485 nunc
556 437 579 483 in
597 436 673 487 lucem
690 435 827 503 proferendi
845 440 993 487 occasionem
1019 438 1097 487 dedit
1109 441 1199 488 instans

147 528 252 577 eeclesiae
269 533 354 573 nasac
371 523 506 572 solennitas.
540 522 660 573 Defuncto
678 525 739 571 enim
756 522 879 591 Episcopo
897 524 1050 587 Arbusiensi,
1068 526 1133 574 Jarro
1148 526 1199 574 Pa-

147 615 236 661 ludauo
259 610 365 671 Miller,
397 608 497 657 Ordinis
517 608 680 678 Danehrogiei
703 609 901 660 Commendatore
924 613 1076 680 eiusdemque
1099 610 1199 661 Ordinis

146 716 216 748 cruce
241 705 352 764 argentea
376 703 474 756 ornato,
497 697 548 743 viro
572 695 784 757 desideratissimo,
807 697 901 746 subtilis
919 700 1009 766 ingenii
1029 708 1052 747 et
1068 700 1200 749 sincerrimi

145 786 256 850 pectoris,
274 784 304 832 ad
322 783 403 832 sedem
421 781 592 831 Arbusiensem
610 783 736 831 translatus
760 790 796 831 est
812 783 858 832 Vir
871 784 1107 845 Reverendissimus‚
1129 802 1200 850 quem

146 880 199 920 ante
216 873 343 920 triennium
360 869 467 918 nondum
481 876 588 917 exactum
604 871 802 936 murmuravimus,
814 868 950 936 Episcopus
963 870 1086 918 Lalandiae
1104 877 1127 918 et
1144 870 1200 919 Fal·

146 961 216 1019 striae,
233 959 263 1008 D.
285 958 427 1006 Gerlrarelas
444 957 532 1004 Petrus
549 956 685 1016 Bramraer,
708 957 733 1003 in
752 957 818 1005 euius
839 956 918 1005 locum
936 975 949 1004 a
966 958 1035 1023 Rege
1049 957 1199 1022 Angustissi-

146 1063 185 1093 mo
204 1045 317 1093 sutieetus
336 1051 371 1092 cst
388 1044 434 1092 Vir
451 1042 549 1090 Summe
566 1041 720 1090 venerandus
735 1043 822 1090 Petras
837 1042 985 1092 Cbristiaaus
996 1043 1125 1092 Steaerseu
1136 1043 1201 1102 Gari,

147 1131 290 1198 Theolopiae
311 1125 418 1190 Ductor,
439 1128 553 1177 haetenus
576 1126 606 1174 ad
630 1128 700 1176 sedeci
723 1129 749 1178 S.
765 1127 791 1176 S.
813 1127 938 1177 Trinitatis
956 1129 1119 1178 Hauniensem
1135 1129 1209 1177 verbi'

150 1218 225 1266 divini
242 1218 360 1278 minister,
382 1218 423 1282 qui
438 1217 508 1263 vitam
525 1231 592 1261 suam
609 1221 736 1264 anteactam
752 1216 813 1275 iam,
829 1231 894 1262 more
912 1215 995 1278 solito,
1013 1216 1143 1265 lectoribus
1160 1215 1200 1263 lte—

150 1304 241 1352 nevolis
258 1305 311 1369 ipse
329 1311 438 1369 exponet.

237 1461 317 1510 Natus
340 1479 391 1509 sum
413 1478 454 1528 epo
476 1461 593 1510 Petras
618 1458 1016 1511 ChristianusSteuerseu
1039 1460 1108 1509 Gaul
1137 1478 1200 1508 aratio

128 1574 130 1576 ·
150 1547 186 1594 17
189 1546 226 1594 97
250 1549 288 1595 elie
309 1549 416 1595 vicesimo
440 1550 536 1611 septime
559 1549 644 1596 raeasis
666 1546 759 1610 Aprilis
781 1548 807 1593 iu
822 1549 938 1610 parocbia
957 1547 992 1596 St.
1010 1548 1088 1608 Petri,
1107 1565 1158 1614 quie
1176 1549 1201 1593 ia
1253 1569 1257 1571 ¹

149 1633 227 1681 insula
249 1634 367 1699 Boi-inqu
388 1629 434 1681 situ
451 1640 491 1683 est.
525 1634 626 1683 Patrem
642 1634 710 1692 babiti
724 1632 851 1681 Elieser
871 1633 953 1695 Gau,
976 1641 1097 1683 strenuum
1121 1640 1142 1680 et
1166 1634 1201 1680 eli-

148 1728 235 1768 sertum
255 1721 322 1768 uerbi
343 1721 419 1767 divini
440 1722 586 1781 ministrum,
608 1721 717 1787 quiante
734 1721 776 1768 bes
793 1727 880 1784 septem
897 1739 971 1769 anuos
988 1720 1123 1769 Roesbiltlae
1140 1720 1202 1767 diem

147 1824 281 1870 supremum
296 1807 366 1866 obiit,
390 1813 413 1854 et
434 1814 531 1855 matrem
549 1807 628 1855 adime
643 1808 795 1869 superstitem,
819 1805 967 1856 Sororem
985 1807 1201 1857 Christianam

149 1893 337 1953 Steuerseu7
362 1910 374 1941 e
395 1894 468 1957 stirpe
489 1893 626 1958 Noroepiea
646 1892 731 1940 illustri
752 1898 835 1941 ortam.
877 1894 966 1957 Quibus
988 1895 1125 1960 parentibus
1146 1899 1214 1959 quot

148 1986 282 2046 quantaque
304 1979 417 2044 beneficia
438 1979 548 2039 ciebeam7
566 1980 658 2026 etiauesi
670 1995 768 2043 possem,
786 1996 834 2027 aaa
851 1981 919 2029 baius
934 1981 981 2028 loei
996 1989 1030 2028 est
1045 1981 1123 2028 verbis
1142 1979 1200 2027 eele-

148 2069 225 2115 brare.
262 2065 293 2113 Ut
311 2067 413 2133 pariaque
428 2065 544 2131 fratribus
561 2070 621 2112 autu
636 2065 773 2126 missoribus,
792 2067 834 2132 qui
849 2084 928 2116 carries
945 2069 970 2115 ia
987 2067 1031 2115 leae
1047 2066 1200 2130 universitate

148 2154 227 2200 startia
249 2152 381 2217 tbeolopiea
403 2148 552 2199 absolverunt
574 2156 597 2198 et
620 2153 751 2200 rattraeribas
767 2151 929 2201 ecelesiasticis
946 2154 1037 2202 diversi
1052 2153 1144 2200 orditas
1162 2153 1202 2199 lie-

149 2241 187 2287 alie
203 2246 315 2303 prorsam,
333 2239 367 2285 ita
383 2238 439 2284 arilei
455 2238 550 2302 eontipit
567 2237 646 2302 prium
661 2235 783 2285 literarum
799 2237 912 2287 elementa
926 2256 941 2287 a
956 2247 1025 2304 patre
1042 2239 1144 2298 ccleeeri⁷
1162 2240 1204 2304 quei

150 2327 214 2373 eloim
236 2342 283 2372 saa
306 2323 398 2372 sebelas
419 2325 544 2389 tam-bene
561 2324 678 2371 institutas
694 2323 783 2384 babuit,
800 2329 826 2371 ut
844 2326 1020 2390 quatamrleeim
1037 2342 1111 2373 anuos
1131 2331 1201 2371 autres
1223 2346 1224 2349 ¹

149 2410 235 2460 sebcloe
256 2408 495 2476 Ib·eder·ieebarpeasi
515 2411 649 2474 adscriptas
667 2415 720 2473 pest
743 2410 861 2458 biennium
882 2417 904 2457 et
920 2413 983 2478 qued
1000 2412 1105 2459 excurrit
1123 2407 1200 2457 1813
1216 2404 1217 2407 ¹

150 2514 248 2545 examen
275 2498 362 2543 artium
388 2498 472 2560 optimo
495 2513 602 2544 sireeessu
623 2497 765 2545 sustinerem.
805 2495 869 2545 Dum
890 2497 993 2544 sebelam
1013 2496 1202 2561 frequentabam,

114 2620 116 2622 -
149 2585 235 2648 optime
257 2584 287 2631 de
309 2598 345 2630 me
363 2588 504 2642 proruerunt,
526 2591 551 2630 ut
567 2584 770 2647 praestantissimus
787 2582 872 2630 seltolee
889 2591 965 2631 rector
982 2583 1013 2631 B.
1030 2582 1202 2642 Beadtsem

149 2672 215 2717 euius
231 2669 418 2718 eemrrrcmoratie
435 2669 516 2717 euclem
533 2669 642 2716 laudatio
659 2674 700 2728 est,
715 2671 748 2716 ita
765 2670 873 2735 rriapistri
886 2665 1040 2717 illustrissimi.
1056 2670 1082 2719 C.
1095 2669 1201 2719 Steeu·

148 2757 237 2805 bloeb
255 2763 277 2804 et
296 2756 322 2805 0.
337 2755 505 2806 Hausteea.
554 2753 586 2803 Iu
609 2757 714 2803 eramiae
733 2754 877 2820 pbilolopieo
901 2762 923 2804 et
942 2755 1117 2820 pbilompbico,
1138 2759 1203 2824 quod

146 2861 209 2892 arene
232 2843 338 2908 sepienti
360 2842 461 2902 absolvi,
487 2843 581 2908 publico
603 2842 704 2890 eaeemio
728 2847 826 2889 ocreatus
846 2844 935 2906 partim
956 2843 1035 2906 pueris
1064 2844 1201 2902 erleeeuelr's,

146 2931 209 2997 quod
232 2931 320 2996 eripua
337 2946 376 2976 res
392 2926 522 2992 fertilioris
539 2928 675 2994 postulauit,
691 2929 779 2991 partim
795 2930 880 2989 studiis
896 2928 1030 2995 tbeolcpieis
1048 2945 1143 2993 operum
1161 2931 1201 2977 ale·

146 3019 180 3079 at,
198 3024 265 3065 tanta
282 3018 401 3064 duntaxat
417 3016 492 3063 mitens
506 3017 652 3073 assiduitate,
673 3020 698 3062 ut
715 3011 904 3068 aziresttenniam
919 3014 1099 3080 praeterlapsam
1115 3015 1200 3064 lauda·

148 3103 204 3154 biles
221 3105 245 3153 ia
262 3102 379 3170 tbeolopia
394 3118 532 3170 propresms
547 3102 679 3168 probarem.
717 3100 749 3152 Ia
765 3102 849 3153 iisdem
866 3100 993 3166 laboribus,
1011 3103 1037 3151 ia
1055 3103 1137 3153 iisdem
1151 3109 1200 3150 sta-
