2696 3618
1122 138 1166 213 ll

149 317 192 371 ret,
210 318 236 359 ut
252 312 277 359 in
295 313 371 360 maius
389 312 504 363 theatrum
522 296 636 381 prodiret.
671 314 755 379 Neque
773 318 888 381 angustus
901 313 928 366 ei
947 328 1045 377 campus
1062 309 1090 357 in*
1108 308 1157 358 illis
1174 327 1211 358 re·

149 397 270 463 prioribus,
292 398 317 444 in
335 398 422 464 quibus
440 408 496 449 tune
514 401 660 461 versabatur,
682 400 770 465 patuit5
793 401 818 448 in
836 400 909 467 Syria
923 388 951 447 et
969 397 1056 447 Cilicia
1073 396 1155 462 plures
1174 414 1211 446 ee·

150 483 233 533 elesias
251 484 357 549 viguisse
375 493 467 534 constat
485 485 551 551 (Aet.
570 487 609 548 15,
627 486 666 534 23.
683 485 739 550 41),
758 504 816 552 quae,
842 488 863 535 si
880 504 928 535 non
947 487 1073 553 originem,
1092 491 1157 533 certe
1174 486 1210 532 in·

150 560 296 618 stitutionem
311 578 338 641 ¹et
355 572 557 621 confirmationem
574 572 652 621 Paulo
666 571 795 629 debebant.
835 573 902 621 Infra
924 571 1072 632 videbimus,
1096 589 1150 619 eum
1168 588 1209 619 an·

103 657 105 660 ’
149 675 205 705 num
228 658 348 723 integrum
370 658 521 721 Antiochiae,
544 660 670 707 triennium
687 658 790 723 Ephesi,
810 677 898 707 annum
915 667 939 707 et
954 658 1079 707 dimidium
1097 656 1208 706 Corinthi

151 750 321 794 commoratum
345 762 411 809 esse3
434 747 530 794 minime
554 747 628 812 igitur
652 744 792 795 incredibile
810 745 919 806 videtur,
938 764 989 793 eum
1004 762 1047 793 sex
1064 744 1102 792 uel
1118 751 1208 809 septem

150 849 224 879 annos
234 833 258 878 in
275 830 382 895 ccelesiis
397 826 500 880 ¹duarum
513 834 689 898 provinciarum
707 831 855 880 stabiliendis
874 837 897 878 et
914 830 1045 880 formandis
1063 831 1207 881 insumsisse.
1267 860 1271 866 ν

237 902 365 990 Agebatur
389 922 450 967 enim
469 921 520 968 sine
542 918 615 968 dubio
635 936 711 966 annus
734 935 783 965 term
799 919 954 983 Dionysiana
972 916 1004 964 42
1022 915 1059 964 vel
1076 917 1117 977 213,
1135 935 1208 984 quum

148 1003 285 1064 Bernaba,
309 1012 430 1054 strenuum
449 1006 580 1054 adiutorem
598 1006 645 1053 sibi
662 1005 792 1070 adiungere
809 1005 921 1069 cupiens,
938 1003 1042 1050 Paulum
1060 1003 1137 1051 Tarso
1155 1003 1209 1051 An·

149 1094 261 1144 tioclriam
281 1091 418 1153 deduceret,
435 1092 477 1140 ubi
495 1111 537 1158 per
554 1095 673 1160 integrum
689 1109 775 1138 annum
791 1091 877 1149 versati
895 1097 950 1138 sunt
968 1087 1035 1152 [Aer.
1047 1088 1087 1150 ll,
1105 1090 1145 1141 25.
1159 1089 1208 1155 26).

151 1184 262 1231 Surrexit
286 1187 364 1250 autem
387 1187 465 1241 iratos,
491 1194 600 1245 magnam
617 1177 696 1225 famen
713 1177 748 1244 ἐφ’
766 1178 881 1252 dispertio
899 1183 1037 1248 οἰκουμένην
1053 1178 1106 1226 lare
1124 1174 1209 1240 praedi-

149 1288 213 1330 cans,
231 1285 282 1335 quae
301 1268 380 1337 etiam,
398 1273 425 1313 ut
442 1265 508 1312 addit
524 1265 612 1323 Luem,
631 1258 675 1311 sub
694 1264 795 1313 Claudio
814 1267 911 1318 exstitit
953 1265 1120 1314 Decreverunt
1137 1262 1210 1328 igitur

150 1355 261 1420 discipuli
279 1350 425 1422 Aptiocbeni
443 1350 556 1398 fratribus
579 1351 603 1396 in
621 1350 708 1399 «iudaea
727 1370 871 1414 succurrere,
895 1352 1068 1419 collectamque
1084 1349 1209 1417 pecuniam

149 1461 191 1509 per
207 1438 344 1489 Barnabam
362 1445 386 1485 et
405 1437 508 1485 Paulum
526 1436 555 1485 ad
574 1438 679 1485 seniores
699 1440 811 1487 miserunt
829 1440 896 1505 (Aet.
912 1440 953 1499 ll,
972 1438 1093 1501 28-30).

238 1524 312 1588 Quod
335 1523 365 1572 ad
388 1523 452 1573 illam
478 1524 563 1571 samem
582 1522 680 1585 adtinet,
702 1525 841 1575 rrocabulum
860 1525 956 1592 quidem
975 1532 1100 1593 οἰκουμένη
1118 1521 1210 1588 absque

86 1671 95 1675 ,
149 1616 222 1665 dubio
240 1615 279 1663 hie
298 1618 321 1683 qt
333 1621 334 1665 l
345 1611 533 1677 quotiescunque
552 1613 655 1659 oecrrrrit
672 1629 721 1659 nen
741 1612 867 1660 tledndaea
885 1612 945 1673 sola,
970 1611 1012 1659 sed
1028 1610 1057 1657 de
1075 1617 1126 1658 toto
1141 1608 1208 1669 orbe,

149 1700 231 1748 saltem
247 1701 368 1757 Romano,
392 1697 676 1763 intelligentiorem),
702 1708 813 1767 erantque
831 1698 876 1747 sub
895 1698 1008 1759 Claudio,
1029 1704 1056 1745 ut
1074 1700 1106 1744 ait
1121 1695 1209 1743 Sueto-

148 1785 202 1832 nius
218 1784 259 1848 4]‚
281 1785 383 1832 assiduae
400 1783 547 1844 sterilitates,
565 1783 628 1831 unde
645 1784 720 1832 sames
739 1803 798 1833 nune
816 1788 840 1833 in
858 1803 905 1833 una
924 1786 1027 1832 nuncin
1046 1783 1091 1830 alia
1109 1783 1209 1847 regione

148 1869 302 1935 grassabatur
320 1873 350 1935 5).
390 1870 446 1917 Hoc
471 1877 549 1917 autem
570 1868 624 1917 leco
649 1872 758 1936 proxime
781 1872 809 1920 de
832 1872 874 1920 illa
902 1873 964 1918 fame
989 1869 1143 1937 cogitandum
1166 1875 1209 1927 cst,

149 1973 201 2022 quae
219 1958 263 2004 snb
282 1955 478 2028 procuratoribus
497 1955 587 2021 Cuspio
604 1956 673 2004 bado
692 1966 715 2005 et
730 1958 827 2006 'liberie
845 1957 988 2006 Alexandro
1006 1956 1126 2016 «iudaeam,
1145 1962 1209 2002 certe

110 2038 111 2046 ¹
148 2044 218 2090 etiam
241 2043 376 2104 adiacentes
402 2049 491 2102 terras,
516 2042 617 2095 vexabat
636 2044 667 2106 6).
714 2043 815 2109 Cuspius
832 2051 910 2093 autem
932 2043 1031 2104 Fadns‚
1053 2044 1132 2090 statinr
1155 2048 1210 2106 pest

148 2129 264 2196 Agrippae
283 2138 397 2189 mortem,
421 2147 473 2195 quae
491 2146 512 2177 a.
530 2128 563 2174 dl
578 2131 679 2196 contigit
697 2131 736 2194 ⁷),
761 2132 784 2177 in
801 2131 913 2179 Judaeum
931 2132 1018 2178 missus
1036 2136 1071 2177 est
1096 2128 1138 2193 3))
1168 2127 1210 2175 illa

195 2250 210 2294 3)
235 2249 356 2284 Contrarium
370 2247 484 2283 sententiam
501 2252 554 2283 certe
571 2236 610 2282 non
626 2247 716 2295 probavit
728 2249 819 2286 llrebsius
832 2251 853 2285 iu
867 2249 1042 2286 Observatienibus
1054 2248 1075 2282 in
1087 2248 1110 2285 N.
1123 2247 1144 2285 Τ.
1159 2246 1209 2282 eFl.

236 2311 322 2359 doseplro
340 2323 383 2359 pag,
396 2314 435 2348 100.

192 2375 209 2418 ¹¹)
232 2374 254 2409 in
272 2373 354 2420 Claudio
372 2385 411 2420 enp.
431 2378 459 2410 le.
489 2372 594 2408 Offendunt
612 2373 730 2411 lluelrcrtnm
748 2375 837 2423 (illuqeqln
854 2378 884 2422 illt
896 2378 966 2426 lbreqele
983 2389 1000 2416 u.
1013 2376 1070 2422 ttprt.
1082 2377 1111 2413 bra
1125 2374 1147 2410 tt.
1160 2373 1182 2411 t.
1195 2372 1210 2409 l.

237 2440 279 2481 119)
292 2436 362 2474 rerba:
375 2432 422 2473 ὅστις
436 2442 465 2473 eut
478 2435 546 2483 ἐγένετο
558 2434 688 2480 ἒπίΚλοοόιόο,
706 2439 760 2486 quasi
772 2437 863 2473 absonum
876 2445 928 2475 esset
939 2440 979 2475 boc·
989 2435 1059 2483 (licere,
1071 2437 1109 2472 nisi
1122 2435 1160 2469 iam
1175 2435 1210 2470 sub

236 2498 324 2546 Caligula
341 2499 456 2534 vaticinatus
474 2504 524 2534 esset
541 2498 630 2545 dgtthS,
649 2498 670 2533 id
687 2501 739 2547 qued
756 2500 786 2536 vix
800 2501 876 2536 admitti
889 2507 960 2550 potest.
989 2501 1084 2550 Equidem
1099 2510 1138 2534 110ss
1150 2496 1212 2542 uideo,

236 2562 304 2610 quidni
312 2562 380 2607 Lucas,
394 2575 452 2610 quum
465 2561 500 2596 sub
512 2562 588 2597 Nerone
599 2561 629 2596 vel
643 2561 700 2597 etiarn
712 2562 772 2598 serlus
785 2563 884 2612 scriberet,
897 2566 989 2601 adnotare
1001 2563 1093 2612 potuerit,
1106 2571 1212 2596 sermonem

196 2657 197 2661 ,
236 2636 277 2659 esse
289 2624 312 2659 dc
324 2625 357 2659 illa
370 2622 427 2666 sanie,
440 2637 481 2673 quae
493 2625 528 2659 sub
542 2623 622 2658 Claudio
635 2624 715 2663 exstitit,

194 2690 209 2731 ⁵)
233 2687 352 2722 Testirnenia
369 2687 485 2734 scriptor-uin
504 2686 582 2733 collegit
593 2686 697 2722 Walelrius
710 2689 730 2723 in
742 2687 916 2725 bissa-talionibus
928 2692 949 2726 in
961 2691 1010 2725 Aeta
1022 2688 1072 2735 App.
1084 2682 1109 2721 Il.
1124 2686 1157 2720 137
1167 2693 1210 2731 sqq.

193 2752 209 2794 ὓ)
233 2748 314 2797 daseplti
327 2750 382 2797 ilntt.
397 2754 413 2787 3.
427 2756 455 2792 15,
466 2753 484 2792 3,
496 2754 524 2797 207
537 2754 554 2790 2,
567 2754 582 2784 5¹1
596 2753 625 2791 20,
642 2753 659 2795 5,
672 2752 689 2784 2.

193 2813 209 2856 ⁷)
235 2812 290 2848 Obiit
303 2810 415 2859 Caligulae.
430 2812 447 2847 d.
461 2816 471 2846 9
484 2811 593 2848 llalFebr.
607 2823 623 2847 a.
636 2814 658 2847 41
678 2810 790 2856 (Suetonius
807 2811 827 2847 in
846 2812 907 2862 Catig.
930 2827 945 2850 e.
964 2815 1004 2859 58).
1037 2809 1130 2845 Claudius
1148 2812 1211 2844 ³¹¹thss

235 2886 279 2909 inex
293 2879 337 2922 post
350 2874 440 2921 adeptum
454 2873 557 2921 imperiurn'
569 2872 674 2921 Agrippam
685 2886 725 2910 nen
737 2873 791 2910 niodo
805 2874 826 2909 in
838 2886 904 2923 regno,
917 2876 969 2926 (pred
981 2888 991 2910 a
1004 2872 1091 2920 Caligula
1104 2877 1211 2919 acceperat,

235 2937 363 2981 confirmarit,
381 2935 414 2971 sed
428 2936 485 2971 etiarn
497 2935 584 2971 diuinam
598 2941 618 2970 et
631 2935 735 2973 Samariam
749 2936 817 2972 adiecit
830 2938 882 2984 (aas.
897 2941 951 2976 Antt.
967 2942 1025 2983 lna,
1039 2938 1065 2982 1).
1089 2934 1175 2982 Agrippa
1188 2947 1212 2970 au

234 3003 274 3033 tern
285 3004 329 3045 post
342 3004 382 3033 tres
395 3011 455 3034 annos
469 2998 573 3046 exspiravit
585 2998 640 3044 (ibid,
654 3003 712 3049 las,
723 3004 748 3046 2).

194 3064 209 3107 fl)
234 3059 316 3107 doseplri
329 3061 382 3097 Antt.
396 3064 425 3099 20,
441 3065 457 3103 l,
474 3064 489 3098 1.
503 3064 520 3100 2.
546 3060 585 3098 cti.
599 3061 664 3109 Anger
676 3062 689 3100 l.
703 3076 719 3101 e.
733 3063 809 3111 pap.44.

1059 3118 1080 3150 2*
