2638 3685
124 433 150 496 (1
169 431 225 483 Cor.
243 431 342 497 4,17),
366 451 439 498 quum
462 440 539 481 arrtem
557 428 725 481 Macedoniam
741 430 843 504 primurn
861 427 951 490 adiret,
974 427 1116 477 Corinthum
1134 395 1182 478 non

123 520 169 568 nisi
182 525 308 585 postquam
326 527 422 583 accepta
440 525 502 566 esset
517 517 567 567 haec
584 515 694 582 epistola,
712 515 833 590 adtingere
850 515 1065 583 potuit(16,10).
1095 516 1184 567 Omnia

123 607 204 672 itaque
227 603 258 652 ad
280 603 341 652 iilud
364 605 477 671 temporis
499 611 656 665 momentum,
689 601 753 668 quod
775 602 831 653 Aa.
855 603 896 665 19,
923 603 955 651 22
978 603 1105 668 definitur,
1137 614 1191 653 nos'

124 691 242 760 ablegant.

623 814 682 879 tc.
753 819 756 822 ’

782 911 783 931 i

161 1011 164 1018 k
213 950 339 999 Habuerat
356 952 380 999 in
398 952 476 1000 animo
495 951 594 1012 Paulus,
611 950 710 1015 Epheso
728 948 873 1020 digrediens,
891 948 1033 1012 Corinthum
1051 953 1139 1015 venire,
1159 963 1181 1002 et

124 1036 189 1098 inde,
207 1044 261 1102 post
279 1054 404 1086 excursum
421 1039 446 1085 in
463 1038 640 1098 Macedoniam,
657 1038 683 1084 in
699 1035 807 1083 Judaeum
824 1035 913 1084 deduci
930 1036 956 1101 (2
968 1035 1024 1087 Cor.
1035 1038 1057 1098 1,
1075 1039 1113 1088 15.
1128 1041 1180 1103 16),
1260 1025 1262 1028 i

126 1122 191 1189 quod
210 1123 347 1184 consilium,
368 1125 417 1172 sive
434 1125 459 1171 iu
476 1125 555 1189 priore
574 1124 629 1185 ilia,
652 1139 716 1170 nunc
737 1121 867 1194 deperdita,
887 1123 996 1187 epistola,
1013 1125 1062 1171 sive
1079 1125 1124 1173 alia
1144 1130 1181 1175 via

125 1227 179 1258 eum
191 1209 321 1258 Corinthiis
339 1212 527 1261 communicavit.
561 1211 649 1259 Postea
668 1225 733 1269 vero,
747 1210 818 1281 vap-iis
834 1208 953 1257 adductus
972 1210 1113 1272 rationibus,
1130 1212 1184 1263 Ma-

126 1296 250 1345 cedoniam
268 1298 333 1361 prius
351 1297 417 1344 adire
435 1296 547 1360 decrevit,
565 1296 783 1367 epistolamjautem
800 1297 872 1357 misit,
892 1297 966 1344 icuius
985 1296 1101 1360 effectum,
1119 1307 1183 1348 ante·

126 1402 197 1451 quam
215 1385 265 1449 ipse
282 1384 381 1443 veniret,
400 1385 530 1448 comperire
548 1385 630 1448 cupiit,
647 1380 798 1454 Timotheum
816 1399 872 1430 vero
890 1384 916 1430 in
933 1382 1104 1432 Macedoniam
1120 1385 1185 1435 ahle·

126 1473 203 1537 gavit,
226 1476 309 1534 postea
332 1467 474 1517 Corinthum
494 1470 613 1518 aditurum
638 1468 666 1535 (§
684 1468 719 1531 9).
775 1467 917 1538 Timotheus
942 1477 1026 1518 autem
1042 1469 1185 1521 Corinthum

126 1558 261 1623 pervenisse
279 1555 343 1603 haud
359 1554 453 1604 videtur
473 1557 507 1620 1),
533 1557 636 1604 sortasse
655 1556 714 1621 quia
730 1553 819 1602 Paulus
834 1555 865 1602 ob
883 1555 1011 1604 tumultum
1028 1574 1041 1605 a
1059 1556 1185 1608 Demetrio

127 1645 253 1691 excitatum
266 1641 389 1707 Ephesum
406 1641 478 1707 paulo
497 1650 558 1704 ante,
577 1635 648 1709 quam
671 1641 778 1689 voluntas
799 1641 893 1701 fueratp
909 1641 1047 1709 reliquerat,
1063 1642 1185 1710 ApostoIo

127 1737 205 1778 autem
227 1730 252 1775 iu
275 1728 419 1777 Macedonia
441 1730 526 1777 iterum
551 1747 576 1777 se
593 1728 703 1776 adiunxit
720 1728 744 1793 (2
762 1725 860 1788 Corcl,
875 1728 908 1789 1).
948 1729 1031 1776 Titum
1049 1731 1095 1779 iarn
1114 1751 1184 1799 supe·

125 1817 189 1864 rione
208 1832 269 1863 anno
290 1814 312 1879 2)
338 1821 365 1862 ut
381 1815 481 1877 videtur,
497 1815 638 1892 Corinthum
655 1815 750 1862 miserat
773 1807 801 1885 <2
821 1812 877 1862 Cor.
896 1814 920 1876 8,
937 1816 960 1863 6.
979 1817 1018 1866 la.
1060 1817 1085 1878 9,
1103 1819 1125 1867 2.
1144 1821 1183 1871 12,

128 1902 167 1957 18,
186 1902 228 1952 eh.
239 1903 253 1950 1
264 1899 320 1952 Cor.
335 1902 375 1962 16,
393 1903 428 1967 1),
445 1904 512 1951 cuius
529 1902 631 1950 reditum
648 1902 696 1949 iam
714 1899 808 1971 Troade
823 1902 908 1968 nannius
926 1905 1071 1967 exspectavit
1089 1905 1116 1968 (2
1126 1906 1184 1959 Cor.

126 1988 151 2049 2,
170 1988 227 2052 12),
253 2005 331 2054 neque
353 1995 431 2036 tamen
449 1995 502 2036 ante
522 2007 592 2056 quam
609 1989 635 2034 in
652 1986 793 2059 Macedonip
812 2004 865 2035 eum
882 1989 968 2036 iterum
985 1989 1066 2038 videre
1083 1995 1185 2060 contigit

73 2109 76 2114 -
127 2073 162 2140 (7,
180 2074 202 2121 5.
220 2074 256 2137 6)·
290 2073 381 2122 Paulus
399 2077 469 2134 enini,
487 2075 584 2140 Epheso
602 2076 665 2123 circa
680 2074 763 2122 festum
778 2072 935 2146 h'enteoostes
954 2093 974 2127 a.
992 2075 1033 2137 57,
1056 2077 1094 2125 vei
1111 2080 1184 2143 paulo

65 2174 66 2177 ’
128 2169 196 2220 ante,
219 2160 316 2220 relicta,
344 2161 368 2207 in
382 2161 554 2210 ‘Macedoniam
572 2161 695 2226 profectus
713 2168 757 2221 est,
774 2166 804 2228 et,
821 2164 955 2227 peragratis
973 2162 1021 2210 iliis
1038 2167 1187 2231 regionibus,

128 2250 154 2296 in
170 2246 287 2296 Graeciam
311 2247 417 2309 devenit,
446 2248 510 2297 unde
527 2255 582 2313 post
599 2249 805 2297 commorationem
822 2248 894 2295 trium
910 2251 1027 2299 mensium
1050 2253 1075 2299 in
1090 2253 1187 2321 Syriam

128 2335 294 2400 enavigaturus
318 2343 380 2396 erat,
405 2335 459 2396 sed,
476 2333 644 2383 insidiantibus
661 2333 765 2394 dudonis,
782 2334 915 2421 ¹consilium
933 2339 996 2401 oepit
1012 2332 1056 2403 per
1074 2340 1189 2389 Macedo-

127 2421 191 2468 uiam
209 2420 343 2468 revertendi
361 2420 430 2487 (Act.
447 2422 488 2482 20,
509 2421 595 2485 1-3).
636 2419 754 2487 Philippis
771 2420 854 2485 igitur,
872 2428 896 2469 et
914 2423 1012 2489 qrridem
1029 2434 1085 2490 post
1101 2427 1189 2477 festum

128 2524 273 2573 azymorum,
297 2510 437 2574 enavigavit,
459 2508 627 2573 Troademque
653 2509 756 2574 quinque
782 2506 870 2578 ,diebus
901 2508 1020 2572 devectus,
1043 2521 1132 2578 septem
1155 2516 1190 2564 ihi

129 2593 180 2642 dics
198 2602 357 2643 commoratus
376 2603 410 2643 est
427 2598 456 2661 (v.
475 2595 511 2658 6).
552 2593 613 2642 Inde
630 2592 741 2643 Miletum
757 2594 833 2659 petiit,
853 2612 968 2661 rprprsnm
986 2600 1091 2648 seniores
1107 2601 1188 2666 Ephe·

128 2680 177 2728 sios
201 2681 315 2740 evocavit,
339 2680 467 2729 festinabat
489 2683 559 2742 enim,
582 2687 616 2739 ut,
634 2682 655 2728 si
671 2681 724 2729 {ieri
739 2687 826 2752 posset,
845 2681 909 2730 dienn
926 2683 1082 2743 Pentecostes
1100 2686 1188 2736 Hiero-

128 2765 225 2832 solpmae
238 2769 385 2833 'transigeret
402 2771 436 2831 (v.
454 2768 574 2829 15-17).
613 2767 683 2829 Inde,
707 2769 763 2817 satis
776 2765 850 2833 longo
868 2787 949 2832 cursu,
968 2771 1035 2820 cuius
1050 2773 1189 2838 ampliorem

131 2890 358 2902 m...—

176 2961 194 3006 l)
219 2961 491 3008 henrivn,beetttrostattttantat
504 2963 529 3000 ὕ,
542 2964 599 3009 2767,
782 2995 783 2998 ,

174 3023 189 3067 ²)
213 3023 289 3071 aaaron
304 3024 412 3063 haurirentur·
429 3036 448 3072 511
465 3028 494 3063 aen
506 3026 576 3072 Caietae
594 3037 616 3064 aa
634 3028 659 3064 bic
673 3028 715 3067 dor.
729 3026 752 3064 6,
763 3023 850 3061 XXVIII
863 3028 875 3072 t.
892 3024 893 3061 ἶ
907 3029 982 3075 htdttert,
995 3030 1020 3068 aie
1032 3031 1090 3077 titinio
1102 3032 1155 3077 Carti
1168 3045 1190 3071 au

216 3086 242 3123 tle
254 3086 295 3125 (tor.
307 3086 331 3125 11.
344 3089 383 3124 411.
412 3087 478 3122 Titum
491 3087 608 3136 deperditam
620 3088 674 3125 illurn
687 3091 765 3139 primam
778 3088 878 3137 ‹apistolam
890 3089 999 3129 <Corinthiis
1012 3094 1127 3144 adportasse,
1144 3107 1189 3132 voro

218 3146 286 3184 similis
300 3153 329 3185 est
341 3149 451 3186 coniectura
464 3149 567 3188 Schraderi
580 3152 617 3200 (bec
627 3153 694 3201 21701191
706 3152 772 3201 dictita
785 3151 846 3194 1137
859 3153 894 3200 ddi
