2638 3685
112 385 244 450 praesestim
262 385 288 432 in
304 381 419 448 Ephesia,
435 383 530 430 nemine
547 379 731 441 contradicente,
757 380 910 446 reciperetur,
932 380 1011 429 omnia
1029 382 1109 445 potius
1126 387 1182 432 teu-¹

112 470 186 518 tanda
204 487 256 519 esse
273 468 424 529 iudicarunt,
442 485 513 535 quam
532 469 655 533 epistolam
674 473 779 515 nostram
796 470 893 525 rubriore
908 468 1006 518 crimine
1023 468 1099 534 premi
1122 486 1177 517 cou-

113 556 206 605 cedere,
240 556 292 604 Nos
311 553 407 620 quidem
424 553 462 602 his
481 554 633 617 aecedentes,
650 570 793 621 quamquam
810 555 836 602 in
848 555 1004 620 inscriptione
1016 573 1094 622 neque
1104 555 1177 604 verbe

113 649 138 693 ὲν
155 641 250 708 Ἐφέσῳ
269 639 379 700 delenda,
397 657 476 707 neque
493 641 626 709 quidquam
642 639 780 689 mutandum
798 657 850 689 esse
867 641 1029 703 concedimus,
1053 642 1177 708 epistolam

112 735 192 776 tamen
210 726 365 794 encyclicam,
377 726 415 774 vel
430 725 541 794 pluribus
556 728 659 779 ecclesiis
674 713 815 775 destinatam
832 727 907 776 luisse
916 727 1067 776 arbitramur.
1102 728 1184 777 Haud

111 831 169 862 vero
187 813 279 863 idcirco
294 813 429 874 statuimus,
445 812 581 880 Tychicum
598 815 670 881 plura
682 812 835 878 exemplaria,
852 821 877 862 et
893 832 966 862 uuum
983 813 1079 881 quidem
1097 814 1184 880 Ephe·¹

67 946 68 952 ,
113 901 175 962 siis,
194 900 295 948 alterum
317 898 465 948 Laodicenis
483 906 526 950 etc.
549 902 696 968 inscriptum,
713 916 793 948 secum
811 899 957 964 adportasse,
975 918 1026 967 quae
1042 902 1177 950 coniectura

112 994 197 1035 nostra
219 987 318 1053 quidem
344 993 468 1053 tempora,
491 987 588 1036 minime
610 1005 665 1036 vero
686 993 794 1050 tenrpora
810 984 933 1050 Apostoli,
947 986 1046 1035 redolet.
1081 986 1177 1052 Scriptac

113 1082 170 1122 sunt
195 1072 232 1121 hac
255 1073 376 1139 epistolae,
402 1080 429 1120 ut
447 1085 477 1121 ex
493 1071 535 1119 illa
553 1070 585 1120 ad
602 1071 765 1121 Philemonem
785 1071 897 1137 adparet,
924 1092 996 1140 quum
1014 1074 1062 1122 iam
1078 1091 1127 1122 non
1144 1075 1178 1122 ita

114 1160 190 1209 multo
212 1167 269 1225 post
292 1162 318 1208 iu
340 1159 474 1207 libertatem
490 1158 586 1208 restitui
603 1176 696 1224 sperare
717 1165 798 1224 posset
815 1144 964 1224 Apostolus,
987 1160 1078 1208 nraiore
1097 1162 1178 1227 itaque

115 1254 184 1312 parte
207 1246 273 1295 illius
295 1246 402 1306 biennii,
425 1244 490 1312 quod
512 1245 599 1292 Romae
619 1247 744 1312 transegit,
774 1246 820 1293 iam
844 1245 931 1311 elapsa.
971 1244 1065 1294 Aberat
1082 1247 1129 1294 iam
1148 1246 1178 1294 ab

116 1333 216 1399 Epheso
240 1333 347 1399 quinque
372 1333 467 1380 circiter
490 1348 579 1392 annos,
609 1339 631 1380 et
651 1338 739 1379 mutata
761 1338 811 1379 erat
837 1340 899 1381 certe
918 1331 964 1380 hoc
982 1340 1088 1398 tempore
1104 1333 1178 1381 facies

117 1419 237 1479 eeclesiae,
262 1421 331 1466 nosris
353 1416 490 1466 horninibus
511 1424 596 1482 auctus
620 1425 668 1467 erat
690 1426 772 1466 coctus
789 1416 922 1483 Ephesius,
939 1420 1055 1486 novisque
1072 1419 1179 1468 ecclesiis

117 1506 169 1553 sine
191 1504 266 1552 dubio
290 1504 402 1552 adiacens
423 1505 505 1575 regio,
525 1522 592 1553 norm
610 1503 734 1566 doctrinm,
756 1512 783 1553 ut
799 1504 941 1570 praeviderat
957 1504 1091 1570 Apostolus
1109 1506 1180 1569 [Act.

118 1591 159 1653 20,
177 1590 236 1654 30),
252 1592 277 1638 in
295 1590 403 1639 ecclesiis
421 1589 609 1656 spargebantur,
625 1608 700 1657 neque
717 1591 845 1639 defuerunt
862 1591 1003 1652 adversarii,
1021 1593 1062 1658 qui
1078 1594 1179 1642 auctori-

117 1685 190 1733 tatem
208 1676 323 1743 Apostoli
341 1677 482 1725 imminuere
497 1684 624 1739 tentarent,
638 1695 690 1726 eum
706 1685 827 1744 tamquam
844 1677 964 1727 hominem
982 1676 1114 1740 indoctum,
1137 1681 1180 1745 qui

117 1765 240 1812 veritatem
262 1763 433 1812 abstrusiorem
455 1765 593 1829 perspicere
615 1781 661 1812 non
686 1765 789 1825 valeret,
812 1763 975 1831 depingentes,
1010 1764 1084 1813 Hunc
1099 1783 1179 1813 rerum

117 1850 280 1899 Asiaticarum
296 1857 383 1898 statum
400 1849 493 1897 Paulus
510 1849 697 1915 perEpaphram
717 1853 846 1900 resciverat
863 1850 929 1916 (Col.
940 1851 963 1910 l,
978 1850 1020 1913 8),
1038 1850 1076 1899 hic
1093 1858 1180 1912 tamen,

118 1955 192 2004 quum
206 1938 247 1984 vix
264 1936 326 1999 alius
344 1938 382 2003 sit,
401 1954 471 2003 quam
489 1935 530 1984 ille
547 1934 734 2001 Epaphroditus,
751 1956 794 2003 per
812 1955 882 2005 quem
901 1937 964 1998 dona
980 1935 1102 2002 Apostolo
1117 1938 1182 1986 misit

119 2027 220 2076 ccclesia
241 2024 406 2089 Philippensis
429 2022 505 2085 [Phil.
521 2022 547 2083 4,
566 2021 625 2086 18),
641 2041 688 2072 uon
705 2024 794 2072 directe
812 2041 841 2072 ex
859 2015 930 2084 Asia,
947 2022 990 2071 sed
1007 2040 1050 2088 per
1066 2023 1181 2073 Macedo-

118 2118 182 2164 niam
198 2113 302 2160 Romam
320 2110 397 2171 venit,
419 2126 498 2176 neque
515 2110 592 2176 igitur
609 2111 747 2172 novissima,
767 2128 819 2177 quae
842 2112 867 2158 in
891 2109 997 2160 ecclesiis
1015 2109 1081 2158 Asiae
1098 2110 1181 2160 forsan

120 2199 272 2259 acciderant,
295 2196 387 2244 referre
404 2197 487 2260 potuit.
527 2195 585 2243 dam
603 2196 627 2242 in
644 2194 727 2244 Asiam
745 2198 790 2245 iter
807 2183 915 2244 facturus
932 2203 983 2243 erat
999 2194 1134 2262 Tychious,
1158 2206 1182 2246 et

121 2285 271 2352 quidem,ut
287 2281 389 2341 videtur,
406 2283 447 2343 ita,
461 2289 488 2330 ut
503 2280 609 2347 primum
625 2280 754 2346 Ephesum,
769 2291 853 2349 postea
869 2299 926 2330 vero
945 2283 1015 2330 etiam
1034 2282 1092 2331 alius
1109 2284 1181 2333 urbes

120 2375 146 2420 in
159 2372 246 2419 vicinia
263 2371 362 2434 positos,
374 2367 519 2417 Laodiceam
531 2368 635 2416 manime
651 2376 674 2415 et
688 2368 811 2430 Colossas,
826 2371 918 2419 viseret.
953 2368 1020 2415 Huic
1038 2387 1111 2434 quum
1129 2370 1182 2418 lite·

120 2476 160 2506 ras
179 2457 351 2505 admonitorias
369 2461 392 2502 et
408 2453 551 2504 hortatorias
569 2452 601 2501 ad
616 2451 684 2503 hasce
701 2456 812 2505 ecclesias
829 2454 985 2521 perlereudas
999 2454 1094 2503 tradere
1111 2456 1182 2505 vellet

120 2543 264 2612 Apostolus,
290 2540 414 2607 epistolam
437 2550 542 2590 nostram
565 2542 597 2588 ita
617 2543 763 2607 composuit,
781 2547 808 2588 ut
825 2540 855 2588 ad
872 2542 977 2587 omnium
994 2540 1088 2589 illarum
1107 2543 1181 2592 cccle-

121 2634 210 2681 siarum
227 2628 390 2679 conditionem
408 2635 487 2692 aptata
505 2634 575 2688 esset,
592 2629 716 2690 separatim
734 2645 790 2676 vero
808 2627 867 2674 tales
886 2627 1060 2682 admonitiones
1078 2631 1181 2678 contine·

120 2727 170 2780 ret,
198 2717 286 2784 quibus
305 2714 419 2780 Ephesiis
436 2732 496 2780 opus
515 2720 586 2774 esset,
616 2719 638 2759 et
655 2715 741 2784 quibus
764 2713 1182 2779 criminationibusadversariorum,

121 2808 164 2856 etsi
188 2804 232 2852 hos
250 2803 340 2850 directe
357 2803 517 2868 perstringere
534 2794 639 2859 nolebat,
657 2808 798 2850 occurreret.
838 2799 957 2866 Inscripta
976 2808 1012 2848 est
1028 2801 1128 2866 epistola
1151 2804 1181 2851 acl

120 2892 253 2959 Ephesios,
277 2894 361 2954 utpote
383 2889 424 2954 qui
442 2906 491 2937 carn
509 2889 613 2954 primum
630 2884 750 2953 legerent,
777 2894 813 2935 cst
835 2895 912 2935 autem
931 2885 1083 2935 hauddubie
1100 2888 1181 2938 eudem

121 2979 229 3047 epistola,
248 2993 300 3043 quae
320 2973 373 3023 Col.
389 2974 414 3036 d,
431 2974 462 3022 1⁰
480 2977 495 3043 ἦ
512 2982 537 3027 ἐκ
554 2977 693 3030 Λαοδικείας
710 2980 869 3039 nuncupatur,
892 2974 1011 3039 quoniam
1023 2990 1052 3022 eu
1069 2975 1181 3024 mandato

122 3065 235 3133 Apostoli
253 3068 338 3129 postea
354 3060 550 3111 Laodicensibus·
565 3058 698 3109 traderetur
714 3060 752 3109 vel
769 3062 910 3123 mitteretur,
937 3078 985 3129 qua
1009 3060 1039 3110 de
1057 3079 1083 3110 re
1101 3061 1181 3127 dispu-
