2638 3685
1108 242 1153 314 15

99 410 100 417 ¹
138 437 214 481 ματος
230 414 331 484 λαλῆσαι
348 412 392 465 ada
409 413 478 480 λόγον
495 421 520 466 ἐν
538 413 566 480 τῇ
583 414 658 480 Ἀσίᾳ
673 435 694 464 a.
711 434 726 463 a
740 419 759 464 λ.
793 411 912 462 Nolumus
927 411 974 460 iam
993 409 1123 478 disputare,
1140 430 1197 461 num

138 502 247 569 Phrygia
265 509 288 549 et
304 500 400 550 Galatia
414 502 476 548 inter
493 517 532 549 eas
549 502 668 567 regiones,
686 497 717 546 dc
734 498 819 564 quibus
835 507 903 560 antea
924 500 1012 550 dictum
1031 506 1074 562 est,
1092 499 1196 547 Paulum

139 606 179 637 eas
197 587 368 653 discipulorum
393 586 607 634 confirmandorum
628 603 699 636 causa
716 585 832 648 visitasse,
854 587 985 636 referenda
1003 573 1063 648 sint,
1086 605 1130 637 nec
1149 605 1196 655 qua

140 675 278 723 extensione
300 689 387 721 nomen
410 671 476 720 Asiae
494 672 516 722 h.
534 673 551 724 1,
568 671 731 737 accipiendum
754 674 796 736 sit,
820 676 950 741 ingenuum
974 681 1052 722 autem
1076 692 1196 742 quemque

139 761 253 809 lectorem
275 762 466 825 interrogamus,
494 759 595 806 liceatne
612 767 729 819 statuere,
748 757 837 807 Lucam
861 760 899 808 his
922 760 1001 809 verbis
1024 762 1197 809 institutionem

139 847 211 895 Pauli
230 846 417 896 efficacissimam
435 852 458 892 et
475 844 606 909 primordia
624 853 733 894 coetuum
750 835 825 893 Paulo
844 848 1090 909 coniunctissimorum
1109 848 1196 897 deseri-

139 933 213 981 bere?
235 933 283 994 At,
305 932 430 998 inquiunt,
457 939 523 980 erant
546 932 659 993 fortasse,
686 949 738 999 quae
760 933 783 979 in
806 931 850 981 bac
868 930 935 997 parte
952 933 1042 980 itineris
1060 944 1196 993 evenerunt,

139 1020 213 1068 Lucae
231 1021 321 1086 ignota.
355 1017 484 1078 Quomodo
499 1026 585 1079 autem,
610 1037 681 1085 quum
702 1025 778 1066 331333
796 1020 884 1080 omnia,
903 1036 954 1085 quae
972 1018 1009 1066 bis
1026 1019 1086 1068 locis
1103 1020 1197 1088 hocque

140 1114 247 1171 tempore
271 1113 323 1155 acta
338 1110 407 1164 sunt,
429 1106 517 1177 optime
533 1107 638 1165 noverit,
656 1122 684 1152 ca
701 1105 877 1166 tantummodo,
900 1122 952 1172 quae
970 1104 1001 1152 ad
1016 1105 1060 1154 bas
1077 1107 1198 1168 ecclesias,

142 1193 171 1240 de
189 1192 276 1260 quibus
294 1199 357 1240 certe
374 1191 477 1240 Paulum
495 1194 580 1257 saepius
597 1191 736 1258 loquentem
754 1191 882 1253 audiverat,
904 1209 957 1240 cum
975 1192 1097 1252 latuerint,
1121 1211 1198 1259 neque

140 1279 257 1345 plura'de
275 1279 368 1345 origine
386 1294 466 1339 earum
484 1279 615 1343 comperire
633 1280 746 1342 potuerit,
769 1296 837 1344 quam
857 1295 909 1345 quae
926 1279 951 1325 in
968 1278 1017 1326 illis
1033 1278 1129 1345 frigidis
1147 1298 1198 1328 ver-

141 1365 178 1413 bis
196 1366 354 1423 continentur,
371 1363 396 1410 id
413 1382 470 1412 sane
488 1364 609 1413 intellectu
627 1363 727 1413 difficile
745 1372 783 1414 est
852 1412 854 1414 ,

230 1451 289 1501 Haec
314 1458 393 1510 crant,
419 1468 471 1517 quae
493 1469 536 1499 nos
553 1450 716 1516 impellerent,
741 1459 766 1499 31
781 1451 980 1517 disquireremns,
999 1450 1078 1500 illaene
1094 1453 1199 1503 ecclesiae

143 1537 272 1598 Galaticae,
295 1537 325 1585 ad
336 1554 402 1602 ¹¹quas
420 1538 509 1602 scripta
526 1544 561 1585 est
578 1537 692 1603 epistola,
715 1539 741 1585 in
758 1536 825 1586 Actis
843 1537 1017 1603 Apostolorum
1035 1538 1137 1587 fortasse
1155 1540 1200 1588 snb

143 1624 190 1672 alio
214 1626 309 1671 nomine
334 1623 441 1671 laterent.
476 1623 563 1672 Statim
586 1641 643 1671 3333
668 1622 804 1673 occurrebat
826 1623 868 1671 illa
890 1623 974 1672 barum
999 1626 1124 1691 regionum
1145 1644 1200 1676 con-

142 1712 240 1771 iuuctio,
257 1712 359 1775 primum
375 1709 418 1757 suh
438 1709 544 1777 Amynta
561 1711 1028 1777 33333331θαί333331331311333333,
1046 1711 1110 1760 uude
1128 1712 1213 1761 facile«
1267 1703 1270 1705 ⁵

117 1830 118 1835 ,
143 1797 206 1845 effici
224 1798 330 1863 potuisse
349 1798 481 1857 statuimus,
504 1804 530 1845 ut
548 1814 628 1845 omncs
645 1796 710 1845 baud
727 1814 779 1845 raro
796 1814 843 1844 uno
860 1798 956 1844 nomine
975 1797 1075 1846 Galatiae
1094 1798 1200 1864 adpella-

142 1890 231 1931 rentur.
270 1883 395 1932 Gbiiciunt
413 1883 521 1949 quidem,
540 1883 618 1949 quod,
636 1884 765 1933 secundum
779 1882 882 1931 Dionem
900 1881 1009 1932 Gessium
1027 1886 1065 1949 4),
1087 1903 1135 1933 non
1152 1888 1200 1935 nisi

142 1988 197 2035 pars
213 1969 293 2036 aliqua
306 1970 435 2035 Lycaoniae
451 1968 563 2036 Amyntae
580 1969 686 2018 subiecta
703 1969 853 2032 fucrit3l1aec
870 1977 948 2017 autem
965 1987 1020 2034 pars
1037 1970 1098 2019 adeo
1113 1991 1201 2039 magna

142 2056 200 2117 fuit,
230 2063 256 2103 ut
278 2043 422 2104 Plutarchus
446 2055 575 2122 Amyntam
597 2074 679 2122 regem
692 2057 830 2124 chaouum
845 2063 868 2103 et
886 2042 1200 2124 Galaaa1m‘adpellet5),

143 2150 216 2208 utque
233 2144 284 2207 ipse
301 2143 350 2189 1113
368 2141 490 2202 adfirmet,
519 2141 638 2191 Galatiam
666 2162 720 2193 cum
742 2145 863 2210 Lycaonia
890 2150 1065 2207 postmortem
1088 2144 1201 2212 Amyntae

143 2229 279 2294 praefectum
296 2230 431 2277 Romanum
452 2228 563 2277 babuisse
582 2229 613 2292 ⁶).
653 2229 810 2279 Concedimus
835 2235 911 2290 certe,
935 2228 1067 2297 Amyntam
1084 2224 1202 2294 Iconium,

145 2315 210 2381 quod
227 2318 252 2363 in
267 2315 365 2363 historia
376 2315 448 2362 Pauli
465 2317 521 2363 satis
539 2316 618 2381 magni
636 2320 749 2366 momenti
762 2323 801 2376 cst,
819 2333 867 2363 non
885 2317 1003 2380 tenuisse,
1018 2316 1064 2367 hac
1082 2320 1144 2368 enim
1161 2338 1202 2385 op-

143 2402 227 2467 pidum
244 2402 382 2461 Polemoni,
410 2403 463 2468 regi
481 2401 601 2468 qnondam
617 2402 705 2465 Ponti,
725 2420 797 2471 regno
817 2401 925 2464 ademto,
944 2405 1087 2453 3113333313
1102 2425 1203 2457 unacum

145 2496 211 2552 parte
235 2488 327 2537 Ciliciae
355 2488 510 2537 adtributum
526 2496 562 2537 est
578 2489 607 2552 ⁷).
654 2488 705 2552 At,
722 2491 852 2540 Polemone
870 2497 973 2552 mortuo,
993 2493 1088 2540 omniuo
1106 2496 1156 2541 veri
1172 2496 1203 2542 si-

145 2575 270 2623 millimum
286 2583 329 2636 est,
347 2575 491 2624 adtributam
508 2576 582 2625 fuisse
599 2575 664 2624 illam
679 2577 770 2639 urbem,
787 2575 834 2623 sive
850 2594 925 2643 reguo
944 2576 1064 2644 bmpntae,
1082 2581 1131 2628 sive
1147 2598 1203 2646 pro·
1224 2616 1225 2620 ,

146 2662 227 2711 vinciae
252 2661 367 2712 Galaticae
395 2662 516 2717 11333333,
558 2663 642 2729 Neque
661 2662 752 2727 obstat,
774 2662 835 2728 quod
853 2663 917 2729 apud
935 2665 1041 2713 Plinium
1061 2666 1084 2729 8)
1102 2667 1202 2735 legitur:

191 2876 210 2920 ⁴³)
235 2875 277 2914 Lib.
290 2880 319 2919 49,
336 2887 352 2912 e.
365 2879 394 2913 32.

193 2938 210 2983 ⁵]
233 2935 256 2973 In
267 2938 338 2974 Antan.
352 2950 370 2985 p.
384 2940 419 2975 944
431 2938 453 2975 B.
467 2939 494 2975 cd.
506 2939 566 2977 Paris,
579 2942 629 2976 1624.

155 2991 158 2994 ⁴
194 3000 210 3044 a)
234 2999 275 3036 Lib.
290 3005 319 3037 53.
333 3012 349 3037 e.
363 3004 391 3038 26.

193 3062 209 3106 ⁷)
234 3060 303 3098 Strabo
315 3062 349 3100 lib.
363 3066 390 3100 12.
402 3075 445 3111 pag.
457 3068 492 3103 663
505 3065 544 3112 (od.
557 3062 615 3099 Basil.
628 3065 686 3109 1571).

194 3125 210 3169 8)
233 3123 283 3163 11131,
296 3125 338 3162 Nat.
351 3124 364 3160 l.
379 3128 396 3169 5,
409 3132 468 3168 aaa.
