2525 3595
134 130 184 201 le

89 296 165 345 Anno
182 299 330 361 insequente,
349 313 420 360 quum
445 295 561 341 exercitus
579 291 700 358 colligeret
717 290 837 351 Vitellius,
863 292 972 340 illistam
990 281 1066 341 libere
1083 293 1146 341 eirea

90 383 174 430 urbem
198 383 300 446 grassari
323 381 362 427 vix
384 378 477 428 licebat.
513 377 664 427 Adaunum
688 378 761 443 igitur
779 378 811 426 36
837 379 960 427 reserenda
978 377 1071 427 videtur
1088 379 1146 446 suga

90 468 170 527 Pauli,
186 484 215 513 ex
233 483 279 531 qua
298 465 493 531 Hierosolymam
512 472 567 530 post
587 474 631 513 tres
649 481 724 512 anuos
742 468 829 516 revisit.
1161 456 1162 459 Ἰ

608 608 640 677 ll,

178 735 235 784 Non
258 719 303 781 nisi
325 732 461 798 quindecim
480 732 531 781 dies
549 733 721 799 {hierosolyma¹
739 742 895 783 commoratus
914 734 979 799 (Gal,
1003 735 1026 795 l,
1045 734 1102 798 13),
1126 742 1148 782 et

90 841 146 871 max
168 824 193 870 in
219 822 271 868 vitae
294 819 403 886 periculo
423 819 544 880 incidens,
566 822 679 869 deductus
698 829 733 869 est
750 820 840 868 Paulus
859 838 871 867 a
889 820 1001 868 fratribus
1020 819 1148 883 [Christia-

90 911 136 974 nis)
160 908 293 957 cesaream
312 906 479 970 (Palaestinae),
502 906 566 955 unde
583 909 682 955 Tarsum
701 908 820 971 profectus
839 914 874 955 est
891 907 957 970 (rhet.
975 907 998 968 ll,
1016 906 1069 970 30).
1104 907 1147 956 Se·

92 995 226 1063 quebantnr
250 1001 356 1058 tempora
380 992 485 1042 ecelesiis
508 992 584 1041 iansta
602 1001 624 1041 et
642 993 768 1060 tranquilla
786 989 820 1055 (v)
838 991 1011 1057 31],'s0nasse
1030 995 1085 1059 qnia
1102 994 1147 1041 ‹lu-

93 1082 146 1143 dei,
164 1082 211 1147 ipsi
227 1081 299 1127 variis
316 1078 393 1126 modis
411 1080 496 1136 uexati,
515 1096 527 1126 a
547 1079 685 1128 Christianis
703 1078 873 1144 persequendis
890 1080 979 1127 interea
997 1078 1148 1127 abstineban-

93 1177 132 1216 tur
152 1169 188 1231 ¹),
213 1184 290 1231 neque
309 1165 338 1212 de
356 1164 433 1212 Paulo
453 1164 581 1232 quidquam
599 1170 623 1214 in
639 1165 706 1214 rhetis
724 1173 778 1213 ante
795 1158 910 1231 legimus,
939 1165 1009 1232 quam
1025 1165 1149 1213 Barnabas

94 1272 148 1303 curn
175 1253 323 1320 quaesiverit,
354 1267 455 1317 eumque
471 1251 544 1298 Tarsi
561 1252 677 1299 inventum
696 1270 775 1299 seeum
794 1250 947 1299 Antiochiam
967 1251 1062 1299 duxerit
1080 1252 1147 1314 [rhet.

96 1341 137 1401 ll,
164 1341 219 1403 25).
254 1339 316 1404 ,lpse
333 1337 425 1384 Paulus
446 1335 524 1384 obiter
542 1345 633 1401 narrat,
655 1356 680 1385 se
698 1338 743 1386 boe
762 1347 854 1405 tempus
873 1340 897 1386 ln
914 1337 1054 1405 regionibus
1072 1338 1149 1404 Syriae

95 1437 118 1476 ot
136 1427 226 1476 Ciliciae
244 1425 386 1489 transegisse
404 1422 472 1486 (Gal.
492 1423 516 1483 l,
534 1424 579 1486 31)
598 1423 627 1486 2).
689 1474 694 1478 ,
1023 1412 1024 1415 ¹

184 1512 293 1576 Spatium
311 1509 357 1558 hoe
374 1510 496 1574 temporis,
514 1527 557 1574 per
575 1510 638 1575 quud
655 1510 713 1558 nihil
731 1511 760 1560 de
774 1511 852 1559 Paulo
868 1511 940 1559 refert
951 1511 1032 1559 luricas
1049 1541 1082 1548 -
1099 1514 1150 1560 sine

96 1601 169 1649 dubio
191 1599 246 1665 quia
274 1596 333 1644 nihil
360 1595 390 1644 de
414 1613 442 1643 eo
466 1597 734 1664 compertumhabehat
755 1626 789 1635 --
811 1599 876 1645 iuxta
893 1606 997 1645 nostram
1015 1600 1150 1663 opinionem

95 1706 136 1736 sex
154 1686 191 1734 vel
206 1691 296 1748 septem
313 1701 388 1731 annos
406 1682 580 1746 complectitur,
601 1681 624 1730 id
643 1683 706 1750 quod
724 1684 845 1750 plerisque
861 1684 1015 1748 scriptoribus
1033 1687 1058 1732 in
1080 1703 1149 1733 eausa

94 1775 154 1834 suit,
176 1789 219 1820 eur
237 1771 416 1818 conversionem
439 1768 511 1815 Pauli
528 1767 559 1815 ad
576 1771 729 1832 posteriorem
746 1771 848 1837 aliquem
865 1788 951 1818 annum
966 1771 1094 1819 transferre
1112 1789 1150 1819 ca·

95 1867 218 1919 narentur,
234 1876 306 1924 quum
325 1856 370 1903 sibi
387 1855 530 1921 persvadere
548 1872 596 1902 non
612 1864 715 1920 possent,
737 1857 839 1905 Paulum
857 1864 892 1905 tot
909 1875 983 1905 annos
1002 1857 1074 1906 nullis
1092 1876 1150 1923 prec-

96 1948 166 1996 elaris
182 1945 250 1993 factis
267 1944 394 2008 insignitos
411 1941 553 2007 perdidisse.
587 1941 636 1991 Nos
653 1943 747 2008 quidem
765 1961 915 2010 nequaquam
933 1946 1066 2004 statuimus,
1083 1946 1150 2010 Apo·

97 2034 183 2082 stolum
198 2030 235 2078 his
251 2031 319 2077 annis
337 2030 438 2076 otiosum
458 2028 540 2088 fuisse,
559 2029 602 2075 etsi
619 2047 670 2077 eum
688 2048 737 2078 non
754 2031 831 2078 statim
849 2030 879 2077 ad
896 2048 1011 2078 summum
1030 2031 1150 2097 fastigium

97 2118 243 2185 apostulatus
259 2117 382 2164 festinasse
396 2113 550 2163 arbitramur.
583 2108 637 2163 Non
655 2123 704 2164 erat
721 2116 812 2165 Paulus
830 2134 891 2165 unus
908 2134 921 2164 e
938 2117 1025 2177 multis,
1044 2120 1092 2183 qui,
1114 2135 1151 2164 su·

97 2206 148 2254 bito
173 2205 267 2251 fervore
291 2201 397 2265 abrepti,
419 2199 478 2248 nihil
496 2202 566 2249 eitius
583 2209 669 2267 agunt,
692 2221 763 2269 qnam
781 2210 807 2251 ut
830 2210 942 2251 mutatam
966 2205 1151 2251 suam‘mentam

98 2292 156 2340 tuba
173 2289 254 2337 inllata
272 2287 427 2348 adnunciant,
450 2304 584 2352 nomenque
601 2305 668 2336 suum
685 2289 777 2337 illustre
794 2290 902 2337 reddant.
945 2289 1152 2350 Quemadmodum

98 2379 210 2436 vidimus,
228 2392 281 2422 eum
298 2390 354 2421 mox
372 2380 426 2438 past
443 2374 620 2422 conversionem
638 2375 795 2425 solitudinem
809 2377 944 2442 quaesivisse
963 2383 985 2423 et
1002 2376 1151 2424 inrhrabiam

99 2464 239 2522 secessisse,
260 2468 286 2509 ut
308 2459 356 2507 fide
380 2468 403 2507 et
424 2460 582 2527 intelligentia
604 2462 678 2528 magis
694 2462 848 2510 invalesceret
866 2462 967 2527 [μᾶλλον
982 2457 1151 2527 ireclcruporiao

98 2550 153 2600 Act.
170 2548 195 2610 9,
213 2548 268 2611 23),
286 2548 320 2595 sic
337 2547 406 2595 etiam
424 2564 486 2595 nune
499 2549 650 2612 exspectavit,
668 2547 744 2597 donee
758 2549 897 2597 auctoritate
916 2556 938 2595 et
956 2547 1045 2597 viribus
1063 2567 1151 2624 cqesee·

1090 2624 1145 2755 h

145 2746 160 2790 ¹]
185 2742 229 2778 Virl.
242 2742 334 2783 Lardner,
347 2741 496 2791 (blerattaitbiqtrit
508 2742 572 2781 terea.
586 2741 677 2790 (litletona,
695 2744 747 2790 libret.
762 2754 794 2782 aaa
806 2744 873 2791 barba,
886 2741 900 2780 l.
915 2746 948 2779 164
960 2744 976 2789 tt.
1150 2785 1155 2797 Κ,

145 2809 161 2852 ²)
186 2805 244 2851 Quod
259 2804 331 2840 Paulus
348 2803 422 2853 Syriam
438 2811 481 2843 ante
494 2803 582 2842 Cilicium
594 2807 685 2849 nominet,
695 2807 755 2842 Lucas
768 2810 831 2842 autem
841 2818 883 2841 euru
895 2801 976 2853 primuni
988 2806 1067 2842 Tarsum
1079 2796 1158 2854 profeci

187 2875 228 2905 tum
246 2880 288 2903 esse
304 2871 380 2913 narret,
403 2868 424 2903 in
437 2879 458 2904 eo
470 2882 510 2905 uon
525 2872 554 2905 est
565 2866 699 2912 laborandum,
722 2881 779 2918 quum
795 2869 825 2904 vel
838 2868 919 2904 fortuito
933 2867 987 2917 Syria
999 2868 1081 2916 primunr
1092 2870 1151 2906 ruenti

187 2930 278 2979 Aliastoli
295 2929 392 2965 obversari
409 2932 506 2979 potuerit,
522 2934 556 2966 aaut
572 2929 628 2965 etiam
638 2937 682 2979 post
690 2932 767 2968 brevem
777 2932 833 2967 Tarrsi
847 2931 1013 2967 connaturationem
1026 2931 1099 2981 Syriam
1110 2944 1153 2967 rieux

186 2994 270 3043 petierit,
284 2993 316 3030 nbi
330 3005 350 3030 se
362 2992 430 3030 melius
443 2999 542 3044 acceptum
554 2990 590 3037 iri,
608 3006 663 3043 quarn
674 2994 725 3031 inter
737 2999 827 3043 cognatos
839 2995 949 3038 Tarsenses,
962 3000 1071 3044 exspectare
1082 2994 1150 3043 potuit.
