2638 3685
1135 226 1187 299 37

175 400 235 459 atis,
257 400 339 466 quibus
361 401 431 447 etium
456 400 544 447 adelitee
566 407 621 448 sunt
637 399 737 448 subinde
752 415 815 447 curae
832 399 940 466 quiedam
955 398 1113 466 plu‘lolcpiese7
1130 405 1230 465 peruium·

174 492 295 553 sequentes
320 501 396 533 annos
415 484 514 550 Hafniu
535 492 641 557 uersutus
662 503 727 545 sum,
748 486 821 535 donec
841 486 955 535 suadente
978 492 1001 535 et
1020 485 1168 554 suffrapunte
1182 486 1231 549 pri-

174 573 235 619 stino
252 578 344 619 rectore
361 571 495 631 Bendtseu‚
513 570 587 620 1821
607 574 661 621 leuic
676 579 776 638 paterno
793 571 938 638 benefactori
953 580 976 622 et
992 575 1111 640 mapistris
1128 572 1231 621 eirrsdem

175 658 268 718 sclicla,
286 674 356 724 quum
373 656 501 721 discipulus
518 657 573 705 olim
588 659 801 726 frequentantium,
819 661 944 726 adjunctus
960 678 1018 712 siem.
1056 661 1179 709 Tendebat
1194 667 1230 706 ta·
1293 664 1297 676 ‘

175 762 227 793 meu
250 746 343 792 animus
367 744 400 791 ad
417 760 499 791 rnunses
516 746 645 793 sacerdotis
662 746 801 805 obeundum,
819 747 884 793 cuius
901 763 974 794 oneru
991 754 1013 794 ct
1029 748 1119 812 puudiu
1136 747 1166 794 ab
1182 747 1230 793 ine-

143 863 146 871 ,
175 838 231 880 ueste
255 847 319 879 anno
343 828 421 878 1825
437 847 510 895 usquc
528 832 561 878 ad
577 833 639 880 leunc
656 833 718 880 diem
735 830 831 897 turpiter
847 839 956 896 expertus
974 851 1040 893 sum,
1054 835 1157 897 primum
1175 850 1230 897 pseu·

175 924 229 965 tuor
245 917 297 982 sere
315 934 390 965 uarios
407 917 469 963 inter
486 916 646 983 Albnrpenses
663 926 685 965 et
706 916 900 966 Trandersienses
923 935 1004 966 uersus
1027 920 1148 967 meridiem
1164 921 1229 978 sites,

176 1021 275 1069 quorum
298 1005 323 1050 in
343 1020 379 1051 me
402 1003 584 1052 benevolentiam
607 1012 629 1052 et
651 1005 719 1052 uerbi
743 1004 818 1053 divini
839 1021 942 1052 unwrem
960 1012 1028 1070 prato
1046 1007 1123 1053 nnimo
1138 1023 1230 1069 semper

175 1091 298 1149 recordor,
316 1090 401 1138 deinde
419 1091 448 1137 ab
467 1108 530 1137 aneio
547 1090 623 1138 1828
645 1091 679 1138 ad
694 1090 765 1137 cedern
783 1090 818 1141 St.
838 1090 945 1156 Virpinis
962 1098 985 1138 et
1002 1092 1101 1157 deniqne
1119 1094 1148 1139 ab
1167 1109 1230 1139 aurio

176 1175 252 1223 1831
270 1177 303 1224 ad
320 1177 393 1224 eedem
411 1176 447 1225 St.
461 1176 592 1238 Trinitatis,
602 1176 896 1243 utramquellafniensem,
908 1178 1070 1226 comminister.
1105 1177 1164 1225 Hac
1181 1195 1231 1225 nuic-

176 1281 248 1324 nera,
274 1280 326 1330 piace
346 1264 502 1328 septendecim
524 1281 599 1311 annos
622 1264 679 1311 mibi
700 1263 788 1311 tradita
802 1262 902 1327 suerunt
916 1265 942 1311 in
958 1264 1016 1311 urbe
1030 1262 1232 1328 frequentissima,

176 1351 201 1397 iu
221 1349 347 1414 splendida
370 1349 492 1397 literarum
514 1356 537 1398 et
553 1349 640 1398 artium
662 1348 732 1409 sede,
753 1350 814 1397 iuter
829 1350 934 1398 bomines
951 1350 1020 1397 aurio
1037 1350 1091 1397 uita
1106 1366 1192 1416 penore
1211 1355 1233 1398 et

177 1437 323 1494 curiditione,
347 1436 486 1501 pravissima
508 1436 588 1503 officie
611 1435 746 1500 imposuisse
767 1436 833 1484 verbi
854 1436 931 1483 diuini
946 1438 1068 1495 ministro,
1094 1436 1129 1483 bis
1152 1439 1233 1503 utiquc

111 1519 115 1527 ¹
175 1523 316 1586 temporibus
323 1556 332 1582 7
355 1538 445 1586 semper
469 1538 521 1570 cum
544 1523 662 1570 arsnietute
684 1523 785 1589 quadum
806 1524 879 1571 auinui
901 1529 923 1570 et
939 1523 1033 1588 quidem
1049 1522 1163 1589 relipione
1179 1541 1233 1588 per·

174 1608 260 1672 pendi5
279 1607 328 1656 aliu
345 1609 441 1671 insuper·
458 1608 537 1675 officia
554 1609 648 1656 addidit
664 1609 773 1669 studium,
791 1625 835 1675 qno
853 1610 886 1656 ad
901 1608 994 1656 selectas
1010 1608 1093 1656 melius
1110 1610 1232 1658 instituen-
1263 1636 1265 1643 ι

176 1695 230 1755 das,
248 1695 280 1742 ud
296 1711 412 1759 pauperes
428 1696 602 1759 procurandos,
625 1693 658 1743 ud
675 1687 765 1742 litteras
782 1702 804 1743 et
819 1712 857 1743 res
875 1694 982 1759 publicus
999 1695 1152 1759 adjuvandas
1168 1695 1231 1761 fere·

176 1781 234 1841 bar,
257 1782 340 1848 quibus
356 1787 391 1829 tot
408 1783 523 1847 tantisque
546 1781 634 1847 officiis
652 1787 765 1847 qnatenus
781 1780 935 1846 satisfecerim
949 1798 995 1846 pro
1012 1781 1102 1828 uiribus
1120 1783 1195 1829 animi
1211 1791 1232 1830 et

177 1870 283 1932 corporis
308 1887 323 1915 a
345 1870 389 1917 dec
410 1869 486 1928 datis,
508 1869 618 1934 judicent
635 1869 678 1916 alii
696 1867 856 1915 imbecillitatis
874 1868 982 1914 liunsanic
997 1867 1062 1914 baud
1079 1868 1232 1920 inunemores.

176 1945 402 2022 Equideminfinitu
417 1955 514 2019 providi
530 1955 570 2002 dei
585 1956 610 2002 in
626 1971 662 2003 me
679 1954 791 2019 beneficia
803 1959 884 2019 pratus
899 1970 1014 2019 apnosc03
1031 1955 1088 2002 uisae
1104 1955 1162 2002 milei
1177 1962 1233 2003 suist

176 2042 219 2089 sub
241 2058 312 2089 oriere
335 2057 440 2089 crescere
458 2042 520 2089 uires
545 2048 567 2089 et
589 2043 651 2089 inter
669 2043 766 2106 optimos
782 2041 842 2088 ciues
864 2045 898 2087 tot
917 2039 1025 2105 fautores
1049 2046 1071 2087 et
1089 2041 1159 2087 nmiei
1175 2042 1233 2089 milri

176 2127 286 2178 benevole
311 2128 405 2177 obvium
428 2134 557 2188 uenerunt,
584 2134 624 2189 ut,
653 2145 724 2194 quum
745 2128 800 2176 uliis
816 2144 864 2174 reon
880 2127 1006 2190 probarer,
1024 2128 1081 2175 bene
1099 2133 1120 2174 ct
1138 2134 1232 2176 strenue

177 2216 263 2281 apeudi
280 2220 305 2262 ut
322 2214 497 2263 incitamentum
512 2216 546 2261 itu
561 2215 684 2279 proemium
701 2230 825 2280 nimquam
842 2213 1009 2263 desiderarem.
1044 2212 1113 2260 Inter
1130 2213 1233 2262 lectiores

178 2308 302 2350 coriatunm
325 2321 429 2354 esseorum
448 2302 541 2368 fructus
564 2302 632 2348 etiam
648 2301 707 2366 jure
730 2300 900 2348 numerandum
923 2306 970 2360 est,
994 2300 1070 2365 qusoel,
1096 2317 1166 2365 qustum
1178 2301 1233 2366 jans

176 2389 318 2452 quotidiana
340 2392 437 2439 intentio
459 2390 522 2438 uires
544 2404 607 2435 meas
624 2404 737 2452 superare
753 2387 900 2447 minabatur7
922 2385 977 2434 Rex
994 2387 1181 2453 Azspztstissimns
1198 2406 1234 2435 me

177 2474 273 2539 dipuum
290 2478 380 2538 tiabat,
397 2495 464 2543 quem
479 2474 614 2524 Lollandiee
631 2482 653 2521 et
669 2473 778 2522 Falstrise
795 2474 926 2537 episcopum
943 2479 1041 2521 crearet.
1082 2471 1154 2520 Fasit
1176 2475 1234 2522 dens

177 2564 277 2624 optiruus
294 2566 417 2625 maximus,
434 2570 468 2624 ut,
489 2562 618 2609 innumeris
634 2560 749 2627 beneficiis
767 2560 852 2607 diuinis
870 2566 892 2606 et
907 2559 1017 2607 leurnanis
1033 2559 1150 2625 luscusrpse
1163 2577 1232 2608 orna·

175 2653 222 2707 tus,
238 2648 321 2715 pluria
336 2650 396 2700 desa
412 2651 501 2701 Cln'isti
516 2656 538 2697 et
554 2648 627 2696 saluti
638 2647 755 2695 libertinum
771 2662 872 2711 meroque
888 2647 963 2711 ipsius
980 2652 1073 2694 strenue
1091 2652 1112 2692 et
1129 2644 1233 2695 candide

176 2735 284 2785 serviam.

268 2819 299 2870 Ut
310 2824 365 2889 jum
379 2840 459 2887 pauca
476 2827 506 2873 de
522 2825 591 2871 rebus
609 2820 740 2871 domesticis
758 2819 853 2880 eddam,
872 2825 927 2868 urite
942 2820 984 2868 lius
999 2819 1083 2885 uipinti
1095 2825 1142 2867 tres
1157 2836 1233 2867 astrios

176 2911 350 2958 matrimonium
367 2912 427 2958 inivi
439 2911 603 2977 felicissimam
624 2925 676 2956 cum
698 2909 788 2975 virpine
813 2904 833 2953 S
843 2922 879 2970 op
888 2906 904 2953 n
913 2908 921 2954 i
930 2925 945 2955 u
968 2905 1054 2954 Geor
1062 2907 1094 2972 pi
1104 2923 1118 2953 a
1140 2904 1163 2954 C
1168 2906 1177 2953 l
1185 2924 1199 2952 a
1207 2925 1233 2953 n-

176 3015 248 3058 scn,
268 2997 321 3064 filiu
344 2996 449 3063 defuncti
464 2996 585 3065 prepositi
600 2994 646 3043 Dr.
663 2995 733 3046 tlieol.
752 2994 783 3042 H.
804 2991 834 3045 G.
854 2992 1016 3054 Clausen,
1040 3010 1090 3060 qun
1105 2993 1161 3040 milii
1176 2991 1232 3058 suit,

177 3102 247 3152 quum
257 3084 360 3134 emnium
375 3099 455 3134 rerum
472 3099 577 3133 meurnm
592 3082 708 3150 fidissima
725 3081 831 3149 adjutrix
844 3084 867 3131 ct
883 3079 932 3128 luti
951 3081 1055 3148 apudque
1069 3081 1141 3129 unierit
1151 3097 1233 3141 causa,
