<?xml version="1.0" encoding="UTF-8"?>
<!DOCTYPE html PUBLIC "-//W3C//DTD XHTML 1.0 Transitional//EN"
    "http://www.w3.org/TR/xhtml1/DTD/xhtml1-transitional.dtd">
<html xmlns="http://www.w3.org/1999/xhtml" xml:lang="en" lang="en">
 <head>
  <title>
</title>
<meta http-equiv="Content-Type" content="text/html;charset=utf-8" />
  <meta name='ocr-system' content='tesseract 3.04.00' />
  <meta name='ocr-capabilities' content='ocr_page ocr_carea ocr_par ocr_line ocrx_word'/>
</head>
<body>
  <div class='ocr_page' id='page_1' title='image "MN41481ucmf_0_0053.png"; bbox 0 0 2638 3685; ppageno 0'>
   <div class='ocr_carea' id='block_1_1' title="bbox 1112 243 1173 318">
    <p class='ocr_par' dir='ltr' id='par_1_1' title="bbox 1112 243 1173 318">
     <span class='ocr_line' id='line_1_1' title="bbox 1112 243 1173 318; baseline -0.033 0"><span class='ocrx_word' id='word_1_1' title='bbox 1112 243 1173 318; x_wconf 39' lang='lat'><strong>131</strong></span> 
     </span>
    </p>
   </div>
   <div class='ocr_carea' id='block_1_2' title="bbox 150 415 1259 1265">
    <p class='ocr_par' dir='ltr' id='par_1_2' title="bbox 150 415 1259 1265">
     <span class='ocr_line' id='line_1_2' title="bbox 154 415 1218 488; baseline -0.005 -18"><span class='ocrx_word' id='word_1_2' title='bbox 154 423 229 472; x_wconf 79' lang='lat' dir='ltr'><strong>lassas·</strong></span> <span class='ocrx_word' id='word_1_3' title='bbox 247 422 413 488; x_wconf 83' lang='lat' dir='ltr'><strong>proficiscendi</strong></span> <span class='ocrx_word' id='word_1_4' title='bbox 429 424 454 473; x_wconf 68' lang='lat' dir='ltr'><strong>‘ei</strong></span> <span class='ocrx_word' id='word_1_5' title='bbox 475 420 571 473; x_wconf 89' lang='lat' dir='ltr'><strong>minime</strong></span> <span class='ocrx_word' id='word_1_6' title='bbox 591 422 696 472; x_wconf 85' lang='lat' dir='ltr'><strong>tribuere</strong></span> <span class='ocrx_word' id='word_1_7' title='bbox 718 438 856 486; x_wconf 88' lang='lat' dir='ltr'><strong>possumus,</strong></span> <span class='ocrx_word' id='word_1_8' title='bbox 882 435 955 488; x_wconf 83' lang='lat' dir='ltr'><strong>quum</strong></span> <span class='ocrx_word' id='word_1_9' title='bbox 970 422 1053 466; x_wconf 88' lang='lat' dir='ltr'><strong>contra</strong></span> <span class='ocrx_word' id='word_1_10' title='bbox 1072 415 1150 464; x_wconf 90' lang='lat' dir='ltr'><strong>omnis</strong></span> <span class='ocrx_word' id='word_1_11' title='bbox 1162 416 1218 465; x_wconf 68' lang='lat' dir='ltr'><strong>‘cius</strong></span> 
     </span>
     <span class='ocr_line' id='line_1_3' title="bbox 150 503 1259 577; baseline -0.005 -21"><span class='ocrx_word' id='word_1_12' title='bbox 150 510 227 557; x_wconf 90' lang='lat' dir='ltr'><strong>animi</strong></span> <span class='ocrx_word' id='word_1_13' title='bbox 250 510 348 558; x_wconf 89' lang='lat' dir='ltr'><strong>intentio</strong></span> <span class='ocrx_word' id='word_1_14' title='bbox 370 508 401 557; x_wconf 93' lang='lat' dir='ltr'><strong>ad</strong></span> <span class='ocrx_word' id='word_1_15' title='bbox 425 509 528 558; x_wconf 85' lang='lat' dir='ltr'><strong>Romam</strong></span> <span class='ocrx_word' id='word_1_16' title='bbox 552 526 665 557; x_wconf 86' lang='lat' dir='ltr'><strong>conversa</strong></span> <span class='ocrx_word' id='word_1_17' title='bbox 688 516 762 570; x_wconf 88' lang='lat' dir='ltr'><strong>esset,</strong></span> <span class='ocrx_word' id='word_1_18' title='bbox 780 525 893 577; x_wconf 82' lang='lat' dir='ltr'><strong>quorsum</strong></span> <span class='ocrx_word' id='word_1_19' title='bbox 912 506 984 556; x_wconf 90' lang='lat' dir='ltr'><strong>eundi</strong></span> <span class='ocrx_word' id='word_1_20' title='bbox 1001 506 1153 571; x_wconf 89' lang='lat' dir='ltr'><strong>propositum</strong></span> <span class='ocrx_word' id='word_1_21' title='bbox 1170 503 1217 551; x_wconf 87' lang='lat' dir='ltr'><strong>iam</strong></span> <span class='ocrx_word' id='word_1_22' title='bbox 1255 565 1259 576; x_wconf 29' lang='grc' dir='ltr'>ί</span> 
     </span>
     <span class='ocr_line' id='line_1_4' title="bbox 156 590 1217 661; baseline -0.005 -19"><span class='ocrx_word' id='word_1_23' title='bbox 156 594 197 642; x_wconf 91' lang='lat' dir='ltr'><strong>diu</strong></span> <span class='ocrx_word' id='word_1_24' title='bbox 215 600 308 658; x_wconf 92' lang='lat' dir='ltr'><strong>captum</strong></span> <span class='ocrx_word' id='word_1_25' title='bbox 327 596 408 659; x_wconf 78' lang='lat' dir='ltr'><strong>(Rom.</strong></span> <span class='ocrx_word' id='word_1_26' title='bbox 418 595 459 655; x_wconf 80' lang='lat'><strong>15,</strong></span> <span class='ocrx_word' id='word_1_27' title='bbox 479 593 581 661; x_wconf 53' lang='lat' dir='ltr'><strong>23&#39;sqq.</strong></span> <span class='ocrx_word' id='word_1_28' title='bbox 598 595 653 644; x_wconf 70' lang='lat' dir='ltr'><strong>Aac.</strong></span> <span class='ocrx_word' id='word_1_29' title='bbox 668 594 709 654; x_wconf 84' lang='lat'><strong>19,</strong></span> <span class='ocrx_word' id='word_1_30' title='bbox 726 593 770 658; x_wconf 77' lang='lat'><strong>21)</strong></span> <span class='ocrx_word' id='word_1_31' title='bbox 787 595 883 643; x_wconf 77' lang='lat' dir='ltr'><strong>tandein</strong></span> <span class='ocrx_word' id='word_1_32' title='bbox 900 594 1016 660; x_wconf 90' lang='lat' dir='ltr'><strong>perlicere</strong></span> <span class='ocrx_word' id='word_1_33' title='bbox 1032 593 1088 640; x_wconf 86' lang='lat' dir='ltr'><strong>iam.</strong></span> <span class='ocrx_word' id='word_1_34' title='bbox 1099 590 1130 638; x_wconf 87' lang='lat' dir='ltr'><strong>ab</strong></span> <span class='ocrx_word' id='word_1_35' title='bbox 1148 590 1217 638; x_wconf 90' lang='lat' dir='ltr'><strong>initio</strong></span> 
     </span>
     <span class='ocr_line' id='line_1_5' title="bbox 156 678 1217 746; baseline -0.006 -15"><span class='ocrx_word' id='word_1_36' title='bbox 156 681 297 746; x_wconf 80' lang='lat' dir='ltr'><strong>captivitatis</strong></span> <span class='ocrx_word' id='word_1_37' title='bbox 320 683 411 729; x_wconf 80' lang='lat' dir='ltr'>visione</span> <span class='ocrx_word' id='word_1_38' title='bbox 434 680 533 729; x_wconf 83' lang='lat' dir='ltr'>Domini</span> <span class='ocrx_word' id='word_1_39' title='bbox 552 683 733 740; x_wconf 80' lang='lat' dir='ltr'><strong>excitatuscrat</strong></span> <span class='ocrx_word' id='word_1_40' title='bbox 750 681 815 745; x_wconf 76' lang='lat' dir='ltr'><strong>(ner.</strong></span> <span class='ocrx_word' id='word_1_41' title='bbox 833 681 873 743; x_wconf 80' lang='grc'><strong>23,</strong></span> <span class='ocrx_word' id='word_1_42' title='bbox 890 682 942 744; x_wconf 83' lang='lat' dir='ltr'><strong>ll).</strong></span> <span class='ocrx_word' id='word_1_43' title='bbox 987 678 1125 728; x_wconf 78' lang='lat' dir='ltr'><strong>Ostendant</strong></span> <span class='ocrx_word' id='word_1_44' title='bbox 1142 695 1217 743; x_wconf 88' lang='lat' dir='ltr'><strong>porro</strong></span> 
     </span>
     <span class='ocr_line' id='line_1_6' title="bbox 156 765 1216 833; baseline -0.001 -19"><span class='ocrx_word' id='word_1_45' title='bbox 156 768 250 828; x_wconf 86' lang='lat' dir='ltr'><strong>omnin,</strong></span> <span class='ocrx_word' id='word_1_46' title='bbox 268 768 367 815; x_wconf 90' lang='lat' dir='ltr'><strong>multum</strong></span> <span class='ocrx_word' id='word_1_47' title='bbox 384 768 499 832; x_wconf 89' lang='lat' dir='ltr'><strong>temporis</strong></span> <span class='ocrx_word' id='word_1_48' title='bbox 515 768 577 815; x_wconf 91' lang='lat' dir='ltr'><strong>inter</strong></span> <span class='ocrx_word' id='word_1_49' title='bbox 599 766 937 833; x_wconf 81' lang='lat' dir='ltr'><strong>commorationcmApostoli</strong></span> <span class='ocrx_word' id='word_1_50' title='bbox 953 765 1084 832; x_wconf 84' lang='lat' dir='ltr'><strong>Ephesiam</strong></span> <span class='ocrx_word' id='word_1_51' title='bbox 1102 771 1125 813; x_wconf 91' lang='lat' dir='ltr'><strong>et</strong></span> <span class='ocrx_word' id='word_1_52' title='bbox 1142 766 1216 831; x_wconf 85' lang='lat' dir='ltr'><strong>scrip-</strong></span> 
     </span>
     <span class='ocr_line' id='line_1_7' title="bbox 155 850 1216 919; baseline -0.002 -17"><span class='ocrx_word' id='word_1_53' title='bbox 155 856 245 902; x_wconf 87' lang='lat' dir='ltr'><strong>tionem</strong></span> <span class='ocrx_word' id='word_1_54' title='bbox 267 853 350 902; x_wconf 89' lang='lat' dir='ltr'><strong>harum</strong></span> <span class='ocrx_word' id='word_1_55' title='bbox 372 853 526 919; x_wconf 89' lang='lat' dir='ltr'><strong>epistolarum</strong></span> <span class='ocrx_word' id='word_1_56' title='bbox 551 853 679 907; x_wconf 81' lang='lat' dir='ltr'><strong>effluxisse,</strong></span> <span class='ocrx_word' id='word_1_57' title='bbox 695 870 769 902; x_wconf 87' lang='lat' dir='ltr'><strong>nevos</strong></span> <span class='ocrx_word' id='word_1_58' title='bbox 784 853 892 902; x_wconf 84' lang='lat' dir='ltr'><strong>homines</strong></span> <span class='ocrx_word' id='word_1_59' title='bbox 909 854 1003 901; x_wconf 80' lang='lat' dir='ltr'><strong>interea.</strong></span> <span class='ocrx_word' id='word_1_60' title='bbox 1015 850 1156 912; x_wconf 87' lang='lat' dir='ltr'><strong>surrexisse,</strong></span> <span class='ocrx_word' id='word_1_61' title='bbox 1173 869 1216 900; x_wconf 92' lang='lat' dir='ltr'><strong>no·</strong></span> 
     </span>
     <span class='ocr_line' id='line_1_8' title="bbox 156 938 1238 1006; baseline -0.003 -18"><span class='ocrx_word' id='word_1_62' title='bbox 156 957 245 1006; x_wconf 87' lang='lat' dir='ltr'><strong>vosque</strong></span> <span class='ocrx_word' id='word_1_63' title='bbox 259 956 351 990; x_wconf 88' lang='lat' dir='ltr'><strong>errores</strong></span> <span class='ocrx_word' id='word_1_64' title='bbox 368 943 393 989; x_wconf 89' lang='lat' dir='ltr'><strong>in</strong></span> <span class='ocrx_word' id='word_1_65' title='bbox 410 939 464 989; x_wconf 89' lang='lat' dir='ltr'><strong>illas</strong></span> <span class='ocrx_word' id='word_1_66' title='bbox 482 941 592 1006; x_wconf 73' lang='lat' dir='ltr'><strong>regiones</strong></span> <span class='ocrx_word' id='word_1_67' title='bbox 609 941 741 1004; x_wconf 88' lang='lat' dir='ltr'><strong>irrepsisse,</strong></span> <span class='ocrx_word' id='word_1_68' title='bbox 759 940 817 988; x_wconf 88' lang='lat' dir='ltr'><strong>adeo</strong></span> <span class='ocrx_word' id='word_1_69' title='bbox 835 946 862 986; x_wconf 91' lang='lat' dir='ltr'><strong>ut</strong></span> <span class='ocrx_word' id='word_1_70' title='bbox 879 941 966 988; x_wconf 89' lang='lat' dir='ltr'><strong>rectius</strong></span> <span class='ocrx_word' id='word_1_71' title='bbox 984 938 1128 1004; x_wconf 85' lang='lat' dir='ltr'><strong>adseriores</strong></span> <span class='ocrx_word' id='word_1_72' title='bbox 1144 956 1215 1004; x_wconf 87' lang='lat' dir='ltr'><strong>quam</strong></span> <span class='ocrx_word' id='word_1_73' title='bbox 1234 952 1238 957; x_wconf 81' lang='grc'><em>’</em></span> 
     </span>
     <span class='ocr_line' id='line_1_9' title="bbox 156 1022 1216 1092; baseline -0.002 -18"><span class='ocrx_word' id='word_1_74' title='bbox 156 1025 187 1074; x_wconf 91' lang='lat' dir='ltr'><strong>ad</strong></span> <span class='ocrx_word' id='word_1_75' title='bbox 208 1026 300 1091; x_wconf 90' lang='lat' dir='ltr'><strong>priores</strong></span> <span class='ocrx_word' id='word_1_76' title='bbox 323 1022 464 1089; x_wconf 87' lang='lat' dir='ltr'><strong>captivitatis</strong></span> <span class='ocrx_word' id='word_1_77' title='bbox 481 1026 553 1073; x_wconf 87' lang='lat' dir='ltr'><strong>Pauli</strong></span> <span class='ocrx_word' id='word_1_78' title='bbox 570 1043 644 1074; x_wconf 92' lang='lat' dir='ltr'><strong>annos</strong></span> <span class='ocrx_word' id='word_1_79' title='bbox 660 1026 790 1073; x_wconf 83' lang='lat' dir='ltr'><strong>referendae</strong></span> <span class='ocrx_word' id='word_1_80' title='bbox 807 1027 867 1086; x_wconf 88' lang='lat' dir='ltr'><strong>sint,</strong></span> <span class='ocrx_word' id='word_1_81' title='bbox 886 1043 933 1092; x_wconf 84' lang='lat' dir='ltr'><strong>qua</strong></span> <span class='ocrx_word' id='word_1_82' title='bbox 951 1026 1044 1073; x_wconf 87' lang='lat' dir='ltr'><strong>ratione</strong></span> <span class='ocrx_word' id='word_1_83' title='bbox 1062 1024 1216 1073; x_wconf 83' lang='lat' dir='ltr'><strong>difficultates</strong></span> 
     </span>
     <span class='ocr_line' id='line_1_10' title="bbox 157 1111 1217 1178; baseline -0.002 -17"><span class='ocrx_word' id='word_1_84' title='bbox 157 1113 236 1172; x_wconf 87' lang='lat' dir='ltr'><strong>etiam,</strong></span> <span class='ocrx_word' id='word_1_85' title='bbox 254 1111 340 1178; x_wconf 90' lang='lat' dir='ltr'><strong>quihus</strong></span> <span class='ocrx_word' id='word_1_86' title='bbox 359 1112 457 1177; x_wconf 90' lang='lat' dir='ltr'><strong>epistola</strong></span> <span class='ocrx_word' id='word_1_87' title='bbox 475 1112 506 1160; x_wconf 89' lang='lat' dir='ltr'><strong>ad</strong></span> <span class='ocrx_word' id='word_1_88' title='bbox 523 1111 650 1177; x_wconf 80' lang='lat' dir='ltr'><strong>Ephesios,</strong></span> <span class='ocrx_word' id='word_1_89' title='bbox 667 1119 693 1159; x_wconf 90' lang='lat' dir='ltr'><strong>ut</strong></span> <span class='ocrx_word' id='word_1_90' title='bbox 709 1130 765 1160; x_wconf 89' lang='lat' dir='ltr'><strong>mox</strong></span> <span class='ocrx_word' id='word_1_91' title='bbox 781 1111 922 1173; x_wconf 86' lang='lat' dir='ltr'><strong>ridebimus,</strong></span> <span class='ocrx_word' id='word_1_92' title='bbox 939 1114 1062 1176; x_wconf 89' lang='lat' dir='ltr'><strong>premitur,</strong></span> <span class='ocrx_word' id='word_1_93' title='bbox 1078 1129 1164 1177; x_wconf 87' lang='lat' dir='ltr'><strong>magna</strong></span> <span class='ocrx_word' id='word_1_94' title='bbox 1187 1130 1217 1159; x_wconf 80' lang='lat' dir='ltr'><strong>ex</strong></span> 
     </span>
     <span class='ocr_line' id='line_1_11' title="bbox 157 1198 364 1265; baseline -0.005 -19"><span class='ocrx_word' id='word_1_95' title='bbox 157 1206 224 1265; x_wconf 88' lang='lat' dir='ltr'><strong>parte</strong></span> <span class='ocrx_word' id='word_1_96' title='bbox 242 1198 364 1251; x_wconf 81' lang='lat' dir='ltr'><strong>tolluntur,</strong></span> 
     </span>
    </p>
   </div>
   <div class='ocr_carea' id='block_1_3' title="bbox 246 1302 1294 1369">
    <p class='ocr_par' dir='ltr' id='par_1_3' title="bbox 246 1302 1294 1369">
     <span class='ocr_line' id='line_1_12' title="bbox 246 1302 1294 1369; baseline 0.001 -19"><span class='ocrx_word' id='word_1_97' title='bbox 246 1303 293 1351; x_wconf 85' lang='lat' dir='ltr'><strong>Est</strong></span> <span class='ocrx_word' id='word_1_98' title='bbox 310 1305 372 1350; x_wconf 90' lang='lat' dir='ltr'><strong>enim</strong></span> <span class='ocrx_word' id='word_1_99' title='bbox 390 1302 439 1352; x_wconf 69' lang='lat' dir='ltr'><strong>haec</strong></span> <span class='ocrx_word' id='word_1_100' title='bbox 457 1304 557 1369; x_wconf 89' lang='lat' dir='ltr'><strong>epistola</strong></span> <span class='ocrx_word' id='word_1_101' title='bbox 575 1305 664 1351; x_wconf 90' lang='lat' dir='ltr'><strong>nostris</strong></span> <span class='ocrx_word' id='word_1_102' title='bbox 680 1302 825 1368; x_wconf 78' lang='lat' dir='ltr'><strong>temporibus</strong></span> <span class='ocrx_word' id='word_1_103' title='bbox 843 1303 958 1352; x_wconf 81' lang='lat' dir='ltr'><strong>acerrime</strong></span> <span class='ocrx_word' id='word_1_104' title='bbox 975 1302 1123 1367; x_wconf 86' lang='lat' dir='ltr'><strong>impugnata,</strong></span> <span class='ocrx_word' id='word_1_105' title='bbox 1140 1319 1219 1368; x_wconf 85' lang='lat' dir='ltr'><strong>neque</strong></span> <span class='ocrx_word' id='word_1_106' title='bbox 1289 1341 1294 1345; x_wconf 25' lang='grc' dir='ltr'><em>α</em></span> 
     </span>
    </p>
   </div>
   <div class='ocr_carea' id='block_1_4' title="bbox 156 1387 1223 3099">
    <p class='ocr_par' dir='ltr' id='par_1_4' title="bbox 156 1387 1223 3099">
     <span class='ocr_line' id='line_1_13' title="bbox 158 1387 1218 1455; baseline -0.001 -18"><span class='ocrx_word' id='word_1_107' title='bbox 158 1388 308 1437; x_wconf 80' lang='lat' dir='ltr'><strong>diffitendum</strong></span> <span class='ocrx_word' id='word_1_108' title='bbox 336 1397 384 1449; x_wconf 88' lang='lat' dir='ltr'><strong>est,</strong></span> <span class='ocrx_word' id='word_1_109' title='bbox 408 1407 459 1438; x_wconf 88' lang='lat' dir='ltr'><strong>eam</strong></span> <span class='ocrx_word' id='word_1_110' title='bbox 482 1408 531 1438; x_wconf 92' lang='lat' dir='ltr'><strong>non</strong></span> <span class='ocrx_word' id='word_1_111' title='bbox 553 1391 585 1438; x_wconf 87' lang='lat' dir='ltr'><strong>ita</strong></span> <span class='ocrx_word' id='word_1_112' title='bbox 609 1390 764 1455; x_wconf 80' lang='lat' dir='ltr'><strong>compositam</strong></span> <span class='ocrx_word' id='word_1_113' title='bbox 785 1407 851 1450; x_wconf 89' lang='lat' dir='ltr'><strong>esse,</strong></span> <span class='ocrx_word' id='word_1_114' title='bbox 873 1396 901 1437; x_wconf 84' lang='lat' dir='ltr'><strong>ut</strong></span> <span class='ocrx_word' id='word_1_115' title='bbox 926 1387 1042 1435; x_wconf 83' lang='lat' dir='ltr'><strong>iadeilla</strong></span> <span class='ocrx_word' id='word_1_116' title='bbox 1059 1387 1218 1450; x_wconf 81' lang='lat' dir='ltr'><strong>familiaritas,</strong></span> 
     </span>
     <span class='ocr_line' id='line_1_14' title="bbox 158 1473 1219 1543; baseline 0 -20"><span class='ocrx_word' id='word_1_117' title='bbox 158 1493 229 1543; x_wconf 89' lang='lat' dir='ltr'><strong>quam</strong></span> <span class='ocrx_word' id='word_1_118' title='bbox 252 1482 299 1523; x_wconf 85' lang='lat' dir='ltr'><strong>tam</strong></span> <span class='ocrx_word' id='word_1_119' title='bbox 324 1473 434 1523; x_wconf 83' lang='lat' dir='ltr'><strong>diuturna</strong></span> <span class='ocrx_word' id='word_1_120' title='bbox 450 1476 622 1525; x_wconf 86' lang='lat' dir='ltr'><strong>consuetudine</strong></span> <span class='ocrx_word' id='word_1_121' title='bbox 640 1494 694 1524; x_wconf 91' lang='lat' dir='ltr'><strong>cum</strong></span> <span class='ocrx_word' id='word_1_122' title='bbox 712 1477 809 1527; x_wconf 87' lang='lat' dir='ltr'><strong>ecclesia</strong></span> <span class='ocrx_word' id='word_1_123' title='bbox 825 1474 931 1539; x_wconf 84' lang='lat' dir='ltr'><strong>Ephesia</strong></span> <span class='ocrx_word' id='word_1_124' title='bbox 946 1476 1093 1523; x_wconf 79' lang='lat' dir='ltr'><strong>contraxisse</strong></span> <span class='ocrx_word' id='word_1_125' title='bbox 1111 1473 1219 1539; x_wconf 83' lang='lat' dir='ltr'><strong>Aposto-</strong></span> 
     </span>
     <span class='ocr_line' id='line_1_15' title="bbox 157 1560 1218 1628; baseline -0.002 -17"><span class='ocrx_word' id='word_1_126' title='bbox 157 1562 207 1612; x_wconf 92' lang='lat' dir='ltr'><strong>lum</strong></span> <span class='ocrx_word' id='word_1_127' title='bbox 224 1579 320 1610; x_wconf 87' lang='lat' dir='ltr'><strong>neoesse</strong></span> <span class='ocrx_word' id='word_1_128' title='bbox 338 1569 386 1623; x_wconf 88' lang='lat' dir='ltr'><strong>est,</strong></span> <span class='ocrx_word' id='word_1_129' title='bbox 409 1561 514 1624; x_wconf 84' lang='lat' dir='ltr'><strong>eluceat,</strong></span> <span class='ocrx_word' id='word_1_130' title='bbox 535 1560 612 1628; x_wconf 76' lang='lat' dir='ltr'><strong>neque</strong></span> <span class='ocrx_word' id='word_1_131' title='bbox 630 1562 695 1611; x_wconf 94' lang='lat' dir='ltr'><strong>illius</strong></span> <span class='ocrx_word' id='word_1_132' title='bbox 713 1562 783 1609; x_wconf 89' lang='lat' dir='ltr'><strong>animi</strong></span> <span class='ocrx_word' id='word_1_133' title='bbox 808 1562 987 1621; x_wconf 89' lang='lat' dir='ltr'><strong>commotionis,</strong></span> <span class='ocrx_word' id='word_1_134' title='bbox 1011 1579 1063 1627; x_wconf 76' lang='lat' dir='ltr'><strong>quac</strong></span> <span class='ocrx_word' id='word_1_135' title='bbox 1087 1562 1112 1608; x_wconf 90' lang='lat' dir='ltr'><strong>iu</strong></span> <span class='ocrx_word' id='word_1_136' title='bbox 1129 1561 1218 1609; x_wconf 83' lang='lat' dir='ltr'><strong>valedi-</strong></span> 
     </span>
     <span class='ocr_line' id='line_1_16' title="bbox 157 1645 1219 1714; baseline -0.001 -17"><span class='ocrx_word' id='word_1_137' title='bbox 157 1648 233 1698; x_wconf 92' lang='lat' dir='ltr'><strong>cendo</strong></span> <span class='ocrx_word' id='word_1_138' title='bbox 257 1648 390 1696; x_wconf 88' lang='lat' dir='ltr'><strong>senioribus</strong></span> <span class='ocrx_word' id='word_1_139' title='bbox 410 1645 523 1713; x_wconf 81' lang='lat' dir='ltr'><strong>Ephesiis</strong></span> <span class='ocrx_word' id='word_1_140' title='bbox 548 1649 617 1712; x_wconf 76' lang='lat' dir='ltr'><strong>(Act.</strong></span> <span class='ocrx_word' id='word_1_141' title='bbox 640 1649 686 1710; x_wconf 82' lang='lat'><strong>20,</strong></span> <span class='ocrx_word' id='word_1_142' title='bbox 709 1646 741 1694; x_wconf 82' lang='lat'><strong>18</strong></span> <span class='ocrx_word' id='word_1_143' title='bbox 757 1651 822 1714; x_wconf 84' lang='lat' dir='ltr'><strong>sqq.)</strong></span> <span class='ocrx_word' id='word_1_144' title='bbox 845 1655 892 1695; x_wconf 91' lang='lat' dir='ltr'><strong>tam</strong></span> <span class='ocrx_word' id='word_1_145' title='bbox 910 1646 1044 1695; x_wconf 86' lang='lat' dir='ltr'><strong>luculenter</strong></span> <span class='ocrx_word' id='word_1_146' title='bbox 1062 1665 1087 1695; x_wconf 93' lang='lat' dir='ltr'><strong>se</strong></span> <span class='ocrx_word' id='word_1_147' title='bbox 1106 1651 1219 1709; x_wconf 77' lang='lat' dir='ltr'><strong>exseruit,</strong></span> 
     </span>
     <span class='ocr_line' id='line_1_17' title="bbox 156 1733 1219 1803; baseline 0.001 -20"><span class='ocrx_word' id='word_1_148' title='bbox 156 1735 282 1800; x_wconf 80' lang='lat' dir='ltr'><strong>vestigium</strong></span> <span class='ocrx_word' id='word_1_149' title='bbox 298 1753 398 1801; x_wconf 86' lang='lat' dir='ltr'><strong>usquam</strong></span> <span class='ocrx_word' id='word_1_150' title='bbox 417 1753 540 1803; x_wconf 90' lang='lat' dir='ltr'><strong>apparere,</strong></span> <span class='ocrx_word' id='word_1_151' title='bbox 557 1742 638 1783; x_wconf 87' lang='lat' dir='ltr'><strong>contra</strong></span> <span class='ocrx_word' id='word_1_152' title='bbox 654 1741 733 1782; x_wconf 87' lang='lat' dir='ltr'><strong>autem</strong></span> <span class='ocrx_word' id='word_1_153' title='bbox 750 1735 826 1782; x_wconf 89' lang='lat' dir='ltr'><strong>omnia</strong></span> <span class='ocrx_word' id='word_1_154' title='bbox 843 1734 876 1781; x_wconf 88' lang='lat' dir='ltr'><strong>ita</strong></span> <span class='ocrx_word' id='word_1_155' title='bbox 889 1751 940 1782; x_wconf 89' lang='lat' dir='ltr'><strong>esse</strong></span> <span class='ocrx_word' id='word_1_156' title='bbox 954 1741 1098 1797; x_wconf 86' lang='lat' dir='ltr'><strong>comparata,</strong></span> <span class='ocrx_word' id='word_1_157' title='bbox 1115 1733 1219 1800; x_wconf 78' lang='lat' dir='ltr'><strong>utApo-</strong></span> 
     </span>
     <span class='ocr_line' id='line_1_18' title="bbox 158 1819 1218 1888; baseline 0.001 -19"><span class='ocrx_word' id='word_1_158' title='bbox 158 1821 233 1869; x_wconf 90' lang='lat' dir='ltr'><strong>stolus</strong></span> <span class='ocrx_word' id='word_1_159' title='bbox 248 1820 365 1882; x_wconf 89' lang='lat' dir='ltr'><strong>homines,</strong></span> <span class='ocrx_word' id='word_1_160' title='bbox 384 1838 445 1887; x_wconf 89' lang='lat' dir='ltr'><strong>quos</strong></span> <span class='ocrx_word' id='word_1_161' title='bbox 462 1822 544 1870; x_wconf 88' lang='lat' dir='ltr'><strong>videre</strong></span> <span class='ocrx_word' id='word_1_162' title='bbox 561 1822 607 1887; x_wconf 92' lang='lat' dir='ltr'><strong>ipsi</strong></span> <span class='ocrx_word' id='word_1_163' title='bbox 624 1822 672 1869; x_wconf 91' lang='lat' dir='ltr'><strong>non</strong></span> <span class='ocrx_word' id='word_1_164' title='bbox 689 1822 828 1888; x_wconf 71' lang='lat' dir='ltr'><strong>contigerat,</strong></span> <span class='ocrx_word' id='word_1_165' title='bbox 850 1837 999 1887; x_wconf 87' lang='lat' dir='ltr'><strong>quorumque</strong></span> <span class='ocrx_word' id='word_1_166' title='bbox 1010 1819 1093 1867; x_wconf 75' lang='lat' dir='ltr'><strong>fidem</strong></span> <span class='ocrx_word' id='word_1_167' title='bbox 1112 1828 1135 1868; x_wconf 89' lang='lat' dir='ltr'><strong>et</strong></span> <span class='ocrx_word' id='word_1_168' title='bbox 1153 1840 1218 1870; x_wconf 88' lang='lat' dir='ltr'><strong>amo·</strong></span> 
     </span>
     <span class='ocr_line' id='line_1_19' title="bbox 157 1906 1218 1973; baseline 0.001 -18"><span class='ocrx_word' id='word_1_169' title='bbox 157 1925 207 1956; x_wconf 85' lang='lat' dir='ltr'><strong>rem</strong></span> <span class='ocrx_word' id='word_1_170' title='bbox 231 1906 350 1955; x_wconf 83' lang='lat' dir='ltr'><strong>audiendo</strong></span> <span class='ocrx_word' id='word_1_171' title='bbox 374 1914 465 1955; x_wconf 86' lang='lat' dir='ltr'><strong>tantum</strong></span> <span class='ocrx_word' id='word_1_172' title='bbox 489 1908 638 1973; x_wconf 87' lang='lat' dir='ltr'><strong>compererat</strong></span> <span class='ocrx_word' id='word_1_173' title='bbox 661 1906 844 1972; x_wconf 83' lang='lat' dir='ltr'><strong>(Eph‚1,15),</strong></span> <span class='ocrx_word' id='word_1_174' title='bbox 869 1908 958 1973; x_wconf 82' lang='lat' dir='ltr'><strong>quique</strong></span> <span class='ocrx_word' id='word_1_175' title='bbox 976 1907 1051 1970; x_wconf 89' lang='lat' dir='ltr'><strong>ipsius</strong></span> <span class='ocrx_word' id='word_1_176' title='bbox 1069 1909 1095 1955; x_wconf 92' lang='lat' dir='ltr'><strong>in</strong></span> <span class='ocrx_word' id='word_1_177' title='bbox 1112 1925 1139 1955; x_wconf 93' lang='lat' dir='ltr'><strong>re</strong></span> <span class='ocrx_word' id='word_1_178' title='bbox 1156 1906 1218 1957; x_wconf 90' lang='lat' dir='ltr'><strong>chri-</strong></span> 
     </span>
     <span class='ocr_line' id='line_1_20' title="bbox 157 1991 1218 2060; baseline 0 -17"><span class='ocrx_word' id='word_1_179' title='bbox 157 1995 233 2043; x_wconf 85' lang='lat' dir='ltr'><strong>stiana</strong></span> <span class='ocrx_word' id='word_1_180' title='bbox 247 1994 427 2060; x_wconf 73' lang='lat' dir='ltr'><strong>intelligentiam</strong></span> <span class='ocrx_word' id='word_1_181' title='bbox 445 1993 548 2060; x_wconf 90' lang='lat' dir='ltr'><strong>legendo</strong></span> <span class='ocrx_word' id='word_1_182' title='bbox 568 1995 669 2058; x_wconf 89' lang='lat' dir='ltr'><strong>primum</strong></span> <span class='ocrx_word' id='word_1_183' title='bbox 686 1996 845 2060; x_wconf 87' lang='lat' dir='ltr'><strong>perspicerent</strong></span> <span class='ocrx_word' id='word_1_184' title='bbox 863 1992 898 2057; x_wconf 81' lang='lat'><strong>(3,</strong></span> <span class='ocrx_word' id='word_1_185' title='bbox 917 1991 1004 2055; x_wconf 78' lang='lat'><strong>2-8),</strong></span> <span class='ocrx_word' id='word_1_186' title='bbox 1023 1992 1122 2060; x_wconf 85' lang='lat' dir='ltr'><strong>adloqui</strong></span> <span class='ocrx_word' id='word_1_187' title='bbox 1137 1994 1218 2043; x_wconf 85' lang='lat' dir='ltr'><strong>videa-</strong></span> 
     </span>
     <span class='ocr_line' id='line_1_21' title="bbox 157 2078 1219 2146; baseline 0.001 -17"><span class='ocrx_word' id='word_1_188' title='bbox 157 2087 203 2129; x_wconf 88' lang='lat' dir='ltr'><strong>tur.</strong></span> <span class='ocrx_word' id='word_1_189' title='bbox 237 2078 404 2146; x_wconf 78' lang='lat' dir='ltr'><strong>Adripuerunt</strong></span> <span class='ocrx_word' id='word_1_190' title='bbox 426 2078 488 2128; x_wconf 85' lang='lat' dir='ltr'><strong>hanc</strong></span> <span class='ocrx_word' id='word_1_191' title='bbox 507 2079 697 2128; x_wconf 88' lang='lat' dir='ltr'><strong>observationem</strong></span> <span class='ocrx_word' id='word_1_192' title='bbox 713 2080 829 2140; x_wconf 83' lang='lat' dir='ltr'><strong>lubenter,</strong></span> <span class='ocrx_word' id='word_1_193' title='bbox 852 2081 894 2145; x_wconf 90' lang='lat' dir='ltr'><strong>qui</strong></span> <span class='ocrx_word' id='word_1_194' title='bbox 913 2078 993 2126; x_wconf 89' lang='lat' dir='ltr'><strong>studio</strong></span> <span class='ocrx_word' id='word_1_195' title='bbox 1011 2088 1164 2129; x_wconf 87' lang='lat' dir='ltr'><strong>monumenta</strong></span> <span class='ocrx_word' id='word_1_196' title='bbox 1182 2100 1219 2130; x_wconf 89' lang='lat' dir='ltr'><strong>sa-</strong></span> 
     </span>
     <span class='ocr_line' id='line_1_22' title="bbox 158 2164 1220 2231; baseline 0.001 -16"><span class='ocrx_word' id='word_1_197' title='bbox 158 2185 199 2216; x_wconf 86' lang='lat' dir='ltr'><strong>cra</strong></span> <span class='ocrx_word' id='word_1_198' title='bbox 217 2173 240 2215; x_wconf 89' lang='lat' dir='ltr'><strong>et</strong></span> <span class='ocrx_word' id='word_1_199' title='bbox 256 2167 281 2213; x_wconf 91' lang='lat' dir='ltr'><strong>in</strong></span> <span class='ocrx_word' id='word_1_200' title='bbox 298 2169 434 2215; x_wconf 84' lang='lat' dir='ltr'><strong>auriversnm</strong></span> <span class='ocrx_word' id='word_1_201' title='bbox 452 2168 531 2214; x_wconf 91' lang='lat' dir='ltr'><strong>omnia</strong></span> <span class='ocrx_word' id='word_1_202' title='bbox 549 2167 622 2231; x_wconf 88' lang='lat' dir='ltr'><strong>prisci</strong></span> <span class='ocrx_word' id='word_1_203' title='bbox 639 2167 704 2215; x_wconf 92' lang='lat' dir='ltr'><strong>illius</strong></span> <span class='ocrx_word' id='word_1_204' title='bbox 722 2169 763 2215; x_wconf 83' lang='lat' dir='ltr'><strong>aevi</strong></span> <span class='ocrx_word' id='word_1_205' title='bbox 779 2165 901 2214; x_wconf 86' lang='lat' dir='ltr'><strong>christiani</strong></span> <span class='ocrx_word' id='word_1_206' title='bbox 920 2164 1062 2214; x_wconf 86' lang='lat' dir='ltr'><strong>documenta</strong></span> <span class='ocrx_word' id='word_1_207' title='bbox 1073 2167 1220 2217; x_wconf 88' lang='lat' dir='ltr'><strong>adtenuandi</strong></span> 
     </span>
     <span class='ocr_line' id='line_1_23' title="bbox 158 2252 1220 2318; baseline 0.003 -17"><span class='ocrx_word' id='word_1_208' title='bbox 158 2252 286 2314; x_wconf 88' lang='lat' dir='ltr'><strong>ducuntur,</strong></span> <span class='ocrx_word' id='word_1_209' title='bbox 302 2261 329 2301; x_wconf 90' lang='lat' dir='ltr'><strong>ut</strong></span> <span class='ocrx_word' id='word_1_210' title='bbox 341 2253 402 2302; x_wconf 87' lang='lat' dir='ltr'><strong>hanc</strong></span> <span class='ocrx_word' id='word_1_211' title='bbox 421 2254 491 2301; x_wconf 88' lang='lat' dir='ltr'><strong>etiam</strong></span> <span class='ocrx_word' id='word_1_212' title='bbox 508 2253 631 2318; x_wconf 86' lang='lat' dir='ltr'><strong>epistolam</strong></span> <span class='ocrx_word' id='word_1_213' title='bbox 643 2270 656 2301; x_wconf 87' lang='lat' dir='ltr'><strong>e</strong></span> <span class='ocrx_word' id='word_1_214' title='bbox 669 2272 767 2302; x_wconf 87' lang='lat' dir='ltr'><strong>nurnero</strong></span> <span class='ocrx_word' id='word_1_215' title='bbox 780 2254 924 2316; x_wconf 84' lang='lat' dir='ltr'><strong>scriptorum</strong></span> <span class='ocrx_word' id='word_1_216' title='bbox 938 2252 1125 2317; x_wconf 89' lang='lat' dir='ltr'><strong>apostolicorum</strong></span> <span class='ocrx_word' id='word_1_217' title='bbox 1144 2254 1220 2304; x_wconf 91' lang='lat' dir='ltr'><strong>elimi-</strong></span> 
     </span>
     <span class='ocr_line' id='line_1_24' title="bbox 157 2338 1222 2407; baseline 0.004 -20"><span class='ocrx_word' id='word_1_218' title='bbox 157 2346 254 2401; x_wconf 88' lang='lat' dir='ltr'><strong>narent,</strong></span> <span class='ocrx_word' id='word_1_219' title='bbox 280 2356 379 2407; x_wconf 86' lang='lat' dir='ltr'><strong>eamque</strong></span> <span class='ocrx_word' id='word_1_220' title='bbox 402 2346 522 2406; x_wconf 86' lang='lat' dir='ltr'><strong>tamquam</strong></span> <span class='ocrx_word' id='word_1_221' title='bbox 552 2357 565 2386; x_wconf 87' lang='lat' dir='ltr'><strong>a</strong></span> <span class='ocrx_word' id='word_1_222' title='bbox 593 2339 690 2387; x_wconf 87' lang='lat' dir='ltr'><strong>falsario</strong></span> <span class='ocrx_word' id='word_1_223' title='bbox 715 2339 815 2407; x_wconf 89' lang='lat' dir='ltr'><strong>quodam</strong></span> <span class='ocrx_word' id='word_1_224' title='bbox 838 2355 868 2386; x_wconf 86' lang='lat' dir='ltr'><strong>ex</strong></span> <span class='ocrx_word' id='word_1_225' title='bbox 891 2338 992 2404; x_wconf 85' lang='lat' dir='ltr'><strong>epistola</strong></span> <span class='ocrx_word' id='word_1_226' title='bbox 1015 2339 1046 2387; x_wconf 87' lang='lat' dir='ltr'><strong>ad</strong></span> <span class='ocrx_word' id='word_1_227' title='bbox 1064 2340 1222 2391; x_wconf 84' lang='lat' dir='ltr'><strong>Colossenses</strong></span> 
     </span>
     <span class='ocr_line' id='line_1_25' title="bbox 159 2425 1222 2491; baseline 0.001 -15"><span class='ocrx_word' id='word_1_228' title='bbox 159 2433 281 2476; x_wconf 90' lang='lat' dir='ltr'><strong>consutam</strong></span> <span class='ocrx_word' id='word_1_229' title='bbox 299 2425 469 2475; x_wconf 82' lang='lat' dir='ltr'><strong>describerent.</strong></span> <span class='ocrx_word' id='word_1_230' title='bbox 509 2426 563 2476; x_wconf 77' lang='lat' dir='ltr'><strong>Viri</strong></span> <span class='ocrx_word' id='word_1_231' title='bbox 581 2433 657 2473; x_wconf 89' lang='lat' dir='ltr'><strong>autem</strong></span> <span class='ocrx_word' id='word_1_232' title='bbox 677 2428 712 2491; x_wconf 90' lang='lat' dir='ltr'><strong>pii</strong></span> <span class='ocrx_word' id='word_1_233' title='bbox 730 2435 751 2476; x_wconf 90' lang='lat' dir='ltr'><strong>et</strong></span> <span class='ocrx_word' id='word_1_234' title='bbox 768 2425 839 2486; x_wconf 87' lang='lat' dir='ltr'><strong>docti,</strong></span> <span class='ocrx_word' id='word_1_235' title='bbox 862 2426 967 2491; x_wconf 87' lang='lat' dir='ltr'><strong>genuino</strong></span> <span class='ocrx_word' id='word_1_236' title='bbox 986 2443 1058 2475; x_wconf 88' lang='lat' dir='ltr'><strong>sensu</strong></span> <span class='ocrx_word' id='word_1_237' title='bbox 1075 2430 1160 2477; x_wconf 88' lang='lat' dir='ltr'><strong>critico</strong></span> <span class='ocrx_word' id='word_1_238' title='bbox 1179 2430 1222 2477; x_wconf 90' lang='lat' dir='ltr'><strong>im-</strong></span> 
     </span>
     <span class='ocr_line' id='line_1_26' title="bbox 158 2510 1223 2580; baseline 0.001 -18"><span class='ocrx_word' id='word_1_239' title='bbox 158 2513 225 2572; x_wconf 87' lang='lat' dir='ltr'><strong>buti,</strong></span> <span class='ocrx_word' id='word_1_240' title='bbox 249 2513 319 2562; x_wconf 79' lang='lat' dir='ltr'><strong>l&#39;acile</strong></span> <span class='ocrx_word' id='word_1_241' title='bbox 337 2510 566 2572; x_wconf 81' lang='lat' dir='ltr'><strong>animadvertentes,</strong></span> <span class='ocrx_word' id='word_1_242' title='bbox 582 2530 607 2560; x_wconf 90' lang='lat' dir='ltr'><strong>se</strong></span> <span class='ocrx_word' id='word_1_243' title='bbox 624 2514 648 2560; x_wconf 94' lang='lat' dir='ltr'><strong>in</strong></span> <span class='ocrx_word' id='word_1_244' title='bbox 666 2511 711 2563; x_wconf 87' lang='lat' dir='ltr'><strong>hac</strong></span> <span class='ocrx_word' id='word_1_245' title='bbox 728 2512 825 2580; x_wconf 89' lang='lat' dir='ltr'><strong>epistola</strong></span> <span class='ocrx_word' id='word_1_246' title='bbox 841 2511 944 2577; x_wconf 90' lang='lat' dir='ltr'><strong>legenda</strong></span> <span class='ocrx_word' id='word_1_247' title='bbox 966 2512 1040 2580; x_wconf 88' lang='lat' dir='ltr'><strong>longe</strong></span> <span class='ocrx_word' id='word_1_248' title='bbox 1057 2514 1126 2563; x_wconf 85' lang='lat' dir='ltr'><strong>aliter</strong></span> <span class='ocrx_word' id='word_1_249' title='bbox 1143 2515 1223 2576; x_wconf 82' lang='lat' dir='ltr'><strong>adfici,</strong></span> 
     </span>
     <span class='ocr_line' id='line_1_27' title="bbox 160 2598 1222 2666; baseline 0.001 -18"><span class='ocrx_word' id='word_1_250' title='bbox 160 2618 230 2666; x_wconf 87' lang='lat' dir='ltr'><strong>quam</strong></span> <span class='ocrx_word' id='word_1_251' title='bbox 255 2602 344 2665; x_wconf 91' lang='lat' dir='ltr'><strong>scripto</strong></span> <span class='ocrx_word' id='word_1_252' title='bbox 367 2599 448 2665; x_wconf 85' lang='lat' dir='ltr'><strong>aliquo</strong></span> <span class='ocrx_word' id='word_1_253' title='bbox 466 2601 547 2666; x_wconf 90' lang='lat' dir='ltr'><strong>spurio</strong></span> <span class='ocrx_word' id='word_1_254' title='bbox 570 2606 593 2646; x_wconf 90' lang='lat' dir='ltr'><strong>et</strong></span> <span class='ocrx_word' id='word_1_255' title='bbox 607 2598 698 2659; x_wconf 88' lang='lat' dir='ltr'><strong>lictitio,</strong></span> <span class='ocrx_word' id='word_1_256' title='bbox 717 2607 834 2649; x_wconf 83' lang='lat' dir='ltr'><strong>auctorem</strong></span> <span class='ocrx_word' id='word_1_257' title='bbox 853 2607 1003 2664; x_wconf 87' lang='lat' dir='ltr'><strong>agnoverunt</strong></span> <span class='ocrx_word' id='word_1_258' title='bbox 1020 2599 1130 2649; x_wconf 88' lang='lat' dir='ltr'><strong>ductrina</strong></span> <span class='ocrx_word' id='word_1_259' title='bbox 1147 2610 1170 2649; x_wconf 86' lang='lat' dir='ltr'><strong>et</strong></span> <span class='ocrx_word' id='word_1_260' title='bbox 1187 2604 1222 2649; x_wconf 90' lang='lat' dir='ltr'><strong>in·</strong></span> 
     </span>
     <span class='ocr_line' id='line_1_28' title="bbox 161 2684 1223 2753; baseline 0 -18"><span class='ocrx_word' id='word_1_261' title='bbox 161 2686 294 2752; x_wconf 86' lang='lat' dir='ltr'><strong>telligentia</strong></span> <span class='ocrx_word' id='word_1_262' title='bbox 315 2686 504 2753; x_wconf 74' lang='lat' dir='ltr'><strong>praecellentem,</strong></span> <span class='ocrx_word' id='word_1_263' title='bbox 529 2687 567 2736; x_wconf 89' lang='lat' dir='ltr'><strong>cui</strong></span> <span class='ocrx_word' id='word_1_264' title='bbox 584 2703 632 2733; x_wconf 91' lang='lat' dir='ltr'><strong>uon</strong></span> <span class='ocrx_word' id='word_1_265' title='bbox 649 2703 710 2750; x_wconf 88' lang='lat' dir='ltr'><strong>opus</strong></span> <span class='ocrx_word' id='word_1_266' title='bbox 728 2693 801 2747; x_wconf 88' lang='lat' dir='ltr'><strong>esset,</strong></span> <span class='ocrx_word' id='word_1_267' title='bbox 821 2692 848 2732; x_wconf 89' lang='lat' dir='ltr'><strong>ut</strong></span> <span class='ocrx_word' id='word_1_268' title='bbox 866 2684 896 2733; x_wconf 86' lang='lat' dir='ltr'><strong>ab</strong></span> <span class='ocrx_word' id='word_1_269' title='bbox 915 2686 962 2733; x_wconf 90' lang='lat' dir='ltr'><strong>alio</strong></span> <span class='ocrx_word' id='word_1_270' title='bbox 982 2695 1146 2753; x_wconf 87' lang='lat' dir='ltr'><strong>argumentum</strong></span> <span class='ocrx_word' id='word_1_271' title='bbox 1165 2690 1223 2735; x_wconf 87' lang='lat' dir='ltr'><strong>scri-</strong></span> 
     </span>
     <span class='ocr_line' id='line_1_29' title="bbox 158 2770 1222 2838; baseline 0.002 -17"><span class='ocrx_word' id='word_1_272' title='bbox 158 2772 231 2821; x_wconf 87' lang='lat' dir='ltr'><strong>bendi</strong></span> <span class='ocrx_word' id='word_1_273' title='bbox 240 2780 322 2821; x_wconf 91' lang='lat' dir='ltr'><strong>mutuo</strong></span> <span class='ocrx_word' id='word_1_274' title='bbox 332 2780 444 2835; x_wconf 87' lang='lat' dir='ltr'><strong>sumeret,</strong></span> <span class='ocrx_word' id='word_1_275' title='bbox 452 2774 621 2822; x_wconf 83' lang='lat' dir='ltr'><strong>intellexerunt</strong></span> <span class='ocrx_word' id='word_1_276' title='bbox 629 2780 707 2821; x_wconf 89' lang='lat' dir='ltr'><strong>autem</strong></span> <span class='ocrx_word' id='word_1_277' title='bbox 717 2781 836 2823; x_wconf 88' lang='lat' dir='ltr'><strong>auctorem</strong></span> <span class='ocrx_word' id='word_1_278' title='bbox 846 2770 917 2820; x_wconf 91' lang='lat' dir='ltr'><strong>huius</strong></span> <span class='ocrx_word' id='word_1_279' title='bbox 926 2773 1039 2838; x_wconf 77' lang='lat' dir='ltr'><strong>epistolae,</strong></span> <span class='ocrx_word' id='word_1_280' title='bbox 1051 2792 1142 2822; x_wconf 90' lang='lat' dir='ltr'><strong>summa</strong></span> <span class='ocrx_word' id='word_1_281' title='bbox 1150 2773 1222 2823; x_wconf 93' lang='lat' dir='ltr'><strong>liber-</strong></span> 
     </span>
     <span class='ocr_line' id='line_1_30' title="bbox 157 2857 1223 2924; baseline 0.003 -16"><span class='ocrx_word' id='word_1_282' title='bbox 157 2866 214 2920; x_wconf 89' lang='lat' dir='ltr'><strong>tate,</strong></span> <span class='ocrx_word' id='word_1_283' title='bbox 232 2858 333 2908; x_wconf 88' lang='lat' dir='ltr'><strong>elatione</strong></span> <span class='ocrx_word' id='word_1_284' title='bbox 352 2866 375 2908; x_wconf 90' lang='lat' dir='ltr'><strong>et</strong></span> <span class='ocrx_word' id='word_1_285' title='bbox 391 2857 556 2924; x_wconf 89' lang='lat' dir='ltr'><strong>magnitudine</strong></span> <span class='ocrx_word' id='word_1_286' title='bbox 574 2860 645 2907; x_wconf 78' lang='lat' dir='ltr'><strong>aniani</strong></span> <span class='ocrx_word' id='word_1_287' title='bbox 663 2860 688 2906; x_wconf 92' lang='lat' dir='ltr'><strong>in</strong></span> <span class='ocrx_word' id='word_1_288' title='bbox 705 2867 755 2910; x_wconf 88' lang='lat' dir='ltr'><strong>tota</strong></span> <span class='ocrx_word' id='word_1_289' title='bbox 772 2860 879 2906; x_wconf 87' lang='lat' dir='ltr'><strong>tractatio</strong></span> <span class='ocrx_word' id='word_1_290' title='bbox 889 2861 1023 2908; x_wconf 82' lang='lat' dir='ltr'><strong>nemateriae</strong></span> <span class='ocrx_word' id='word_1_291' title='bbox 1032 2869 1159 2921; x_wconf 87' lang='lat' dir='ltr'><strong>versatum,</strong></span> <span class='ocrx_word' id='word_1_292' title='bbox 1175 2860 1223 2911; x_wconf 87' lang='lat' dir='ltr'><strong>lec-</strong></span> 
     </span>
     <span class='ocr_line' id='line_1_31' title="bbox 159 2945 1223 3014; baseline 0.003 -21"><span class='ocrx_word' id='word_1_293' title='bbox 159 2952 236 3006; x_wconf 84' lang='lat' dir='ltr'><strong>tores,</strong></span> <span class='ocrx_word' id='word_1_294' title='bbox 259 2947 303 2994; x_wconf 89' lang='lat' dir='ltr'><strong>ctsi</strong></span> <span class='ocrx_word' id='word_1_295' title='bbox 324 2963 373 2994; x_wconf 91' lang='lat' dir='ltr'><strong>non</strong></span> <span class='ocrx_word' id='word_1_296' title='bbox 390 2945 545 2993; x_wconf 76' lang='lat' dir='ltr'><strong>familiariter.</strong></span> <span class='ocrx_word' id='word_1_297' title='bbox 564 2952 665 2993; x_wconf 88' lang='lat' dir='ltr'><strong>attamen</strong></span> <span class='ocrx_word' id='word_1_298' title='bbox 684 2964 714 2995; x_wconf 90' lang='lat' dir='ltr'><strong>ex</strong></span> <span class='ocrx_word' id='word_1_299' title='bbox 737 2946 823 2995; x_wconf 88' lang='lat' dir='ltr'><strong>intimis</strong></span> <span class='ocrx_word' id='word_1_300' title='bbox 845 2948 951 3010; x_wconf 88' lang='lat' dir='ltr'><strong>pectoris</strong></span> <span class='ocrx_word' id='word_1_301' title='bbox 973 2947 1083 2995; x_wconf 89' lang='lat' dir='ltr'><strong>sensibus</strong></span> <span class='ocrx_word' id='word_1_302' title='bbox 1106 2946 1223 3014; x_wconf 77' lang='lat' dir='ltr'><strong>adloquu-</strong></span> 
     </span>
     <span class='ocr_line' id='line_1_32' title="bbox 159 3031 1223 3099; baseline 0.004 -20"><span class='ocrx_word' id='word_1_303' title='bbox 159 3040 209 3080; x_wconf 90' lang='lat' dir='ltr'><strong>tum</strong></span> <span class='ocrx_word' id='word_1_304' title='bbox 226 3049 284 3081; x_wconf 90' lang='lat' dir='ltr'><strong>esse.</strong></span> <span class='ocrx_word' id='word_1_305' title='bbox 324 3033 471 3096; x_wconf 86' lang='lat' dir='ltr'><strong>Reputantes</strong></span> <span class='ocrx_word' id='word_1_306' title='bbox 494 3048 582 3096; x_wconf 87' lang='lat' dir='ltr'><strong>porro,</strong></span> <span class='ocrx_word' id='word_1_307' title='bbox 605 3031 726 3082; x_wconf 78' lang='lat' dir='ltr'><strong>suffultam</strong></span> <span class='ocrx_word' id='word_1_308' title='bbox 744 3050 794 3082; x_wconf 88' lang='lat' dir='ltr'><strong>csse</strong></span> <span class='ocrx_word' id='word_1_309' title='bbox 810 3031 871 3079; x_wconf 88' lang='lat' dir='ltr'><strong>hanc</strong></span> <span class='ocrx_word' id='word_1_310' title='bbox 890 3034 1015 3099; x_wconf 87' lang='lat' dir='ltr'><strong>epistolam</strong></span> <span class='ocrx_word' id='word_1_311' title='bbox 1032 3035 1169 3083; x_wconf 88' lang='lat' dir='ltr'><strong>testimonio</strong></span> <span class='ocrx_word' id='word_1_312' title='bbox 1186 3043 1223 3083; x_wconf 85' lang='lat' dir='ltr'><strong>to-</strong></span> 
     </span>
    </p>
   </div>
   <div class='ocr_carea' id='block_1_5' title="bbox 159 3117 1223 3186">
    <p class='ocr_par' dir='ltr' id='par_1_5' title="bbox 159 3117 1223 3186">
     <span class='ocr_line' id='line_1_33' title="bbox 159 3117 1223 3186; baseline 0.003 -19"><span class='ocrx_word' id='word_1_313' title='bbox 159 3122 207 3167; x_wconf 91' lang='lat' dir='ltr'><strong>tius</strong></span> <span class='ocrx_word' id='word_1_314' title='bbox 231 3117 336 3168; x_wconf 87' lang='lat' dir='ltr'><strong>eeclesiae</strong></span> <span class='ocrx_word' id='word_1_315' title='bbox 351 3119 468 3184; x_wconf 77' lang='lat' dir='ltr'><strong>antiquae,</strong></span> <span class='ocrx_word' id='word_1_316' title='bbox 494 3136 572 3186; x_wconf 83' lang='lat' dir='ltr'><strong>neque</strong></span> <span class='ocrx_word' id='word_1_317' title='bbox 589 3118 641 3168; x_wconf 84' lang='lat' dir='ltr'><strong>fieri</strong></span> <span class='ocrx_word' id='word_1_318' title='bbox 659 3121 778 3184; x_wconf 81' lang='lat' dir='ltr'><strong>potuisse,</strong></span> <span class='ocrx_word' id='word_1_319' title='bbox 800 3126 828 3168; x_wconf 85' lang='lat' dir='ltr'><strong>ut</strong></span> <span class='ocrx_word' id='word_1_320' title='bbox 847 3122 928 3185; x_wconf 89' lang='lat' dir='ltr'><strong>spuria</strong></span> <span class='ocrx_word' id='word_1_321' title='bbox 948 3120 1048 3186; x_wconf 92' lang='lat' dir='ltr'><strong>epistola</strong></span> <span class='ocrx_word' id='word_1_322' title='bbox 1064 3122 1089 3168; x_wconf 93' lang='lat' dir='ltr'><strong>in</strong></span> <span class='ocrx_word' id='word_1_323' title='bbox 1106 3120 1223 3184; x_wconf 89' lang='lat' dir='ltr'><strong>eeclesiis,</strong></span> 
     </span>
    </p>
   </div>
   <div class='ocr_carea' id='block_1_6' title="bbox 0 0 1330 3685">
    <p class='ocr_par' dir='ltr' id='par_1_6' title="bbox 0 0 1330 3685">
     <span class='ocr_line' id='line_1_34' title="bbox 0 0 1330 3685; baseline 0 0"><span class='ocrx_word' id='word_1_324' title='bbox 0 0 1330 3685; x_wconf 95' lang='lat' dir='ltr'><strong> </strong></span> 
     </span>
    </p>
   </div>
  </div>
 </body>
</html>
