2525 3595
139 112 191 186 12

96 283 172 348 igitur
190 281 265 328 fames
283 297 326 344 per
343 281 494 344 insequentes
517 297 592 328 annos
614 278 656 325 lras
674 277 784 342 regiones
801 276 936 336 invadebat,
977 270 1087 325 Aderant
1105 278 1156 326 sine

98 368 173 416 dubio
196 369 242 414 iam
266 368 334 429 sigua
356 365 464 411 instantis
487 366 591 414 caritatis
609 381 720 427 annonae,
743 366 885 413 vaticinante
903 371 980 412 autem
998 363 1087 429 Agabo
1105 382 1156 412 eam

97 449 339 518 gravissimam'fore,
356 447 503 497 Antiocheni
521 469 569 499 non
587 450 761 517 exspectabant,
781 451 857 499 donec
870 453 1012 500 incresceret
1029 451 1157 511 calamitas,

97 538 139 586 sed
157 536 263 602 penuriae
280 535 419 599 praevenire,
437 544 552 601 quantum
568 541 593 586 in
609 540 666 604 ipsis
681 545 739 598 erat,
757 537 890 586 studebunt.
925 537 982 584 dam
1000 545 1053 584 ante
1071 538 1157 584 adren-

46 673 52 686 ,
96 633 145 672 tum
164 621 283 670 Barnabae
299 628 322 668 et
339 620 427 681 Pauli,
451 629 478 670 ut
494 623 602 685 videtur,
618 626 755 690 interemtus
774 623 1114 688 e1·atdacobus,Pctrusque
1132 624 1157 669 in
1220 679 1225 683 .

70 721 74 735 ·“
97 727 216 758 car-ocrem
235 709 357 757 coniectus
374 706 443 769 [Aet.
462 709 503 769 12,
522 711 536 757 1
555 714 632 777 sqq),
660 729 732 777 quum
754 718 830 758 autem
854 707 1163 757 11111111111111111111-,

97 815 155 845 nora
174 795 293 861 Agrippae
311 793 450 853 advenisse,
468 805 563 845 narrata
581 806 656 845 autem
674 803 750 844 morte
767 795 884 862 Agrippae
903 795 997 842 demum
1015 793 1156 859 Hierosoly·

97 902 135 931 ma
156 882 308 941 discessisse,
337 880 427 928 referat
444 880 526 930 Lucas
548 885 605 946 (12,
630 883 686 947 25),
709 883 759 930 baec
783 864 862 929 omnia
882 880 966 929 eodem
984 881 1034 928 fere
1052 888 1157 945 tempore

99 971 220 1029 evenisse,
244 975 316 1034 atque
339 966 399 1014 adeo
417 967 521 1016 Paulum
544 969 587 1018 hae
609 970 659 1017 vice
678 970 740 1017 cirea
758 987 845 1016 annum
863 968 897 1015 44
911 966 1106 1033 Hierosolymam
1124 968 1156 1013 ri-

99 1058 167 1117 sisse,
184 1062 235 1103 tuto
254 1053 368 1120 colligere
386 1070 518 1117 possumus.

616 1198 647 1261 5.

193 1331 229 1388 Si,
247 1331 312 1398 quod
329 1330 454 1396 probabile
471 1331 573 1380 reddere
591 1333 721 1380 studuimus
742 1335 769 1394 (ᾗ
786 1333 827 1396 3),
845 1333 959 1399 ,1)1111111,
980 1333 1099 1381 Damasco
1118 1350 1157 1379 aa·

102 1422 210 1487 lugiens,
239 1414 432 1485 Hierosolymam
455 1419 533 1482 prima
549 1422 600 1466 viee
618 1427 671 1484 post
689 1421 867 1468 conversionem
885 1438 905 1467 a.
921 1420 953 1467 36
970 1421 1085 1478 reviserit,
1103 1418 1158 1466 huie

102 1524 164 1554 anno
182 1514 312 1554 seeundum
334 1504 388 1554 Gal.
406 1505 434 1557 2,
458 1505 472 1551 1
490 1505 547 1551 anni
566 1504 597 1552 14
614 1504 717 1552 addendi
734 1513 803 1567 sunt,
825 1513 852 1553 ut
867 1512 960 1571 ternpus
978 1505 1078 1555 celebris
1094 1504 1159 1553 illius

102 1599 230 1642 conventus
247 1591 463 1658 Hierosolymitani
480 1592 633 1643 inveniamus.
667 1590 803 1658 Supersunt
820 1593 893 1658 igitur
910 1593 979 1640 nobis
998 1592 1028 1639 ab
1046 1609 1107 1639 anno
1126 1591 1159 1637 44

101 1698 143 1728 sex
166 1679 235 1738 anni,
261 1695 364 1744 quorum
381 1677 459 1738 faeta,
489 1680 534 1725 etsi
548 1677 618 1726 nullis
637 1677 724 1738 additis
742 1685 876 1743 temporum
894 1680 972 1739 notis,
995 1680 1028 1726 ita
1046 1678 1159 1727 describit

100 1765 194 1826 Lucas,
217 1771 243 1812 ut
260 1764 326 1811 nulla
344 1763 471 1812 dubitandi
488 1764 552 1812 adsit
568 1766 628 1813 ratio
634 1765 649 1826 ,’
659 1766 717 1833 quin
734 1764 794 1822 illud
811 1767 925 1831 temporis
942 1766 1043 1830 spatium
1061 1763 1098 1813 1111
1115 1766 1159 1812 ime

100 1852 190 1917 pletum
208 1868 259 1898 esse
277 1858 414 1898 statuamus.

192 1937 327 1985 Redierunt
355 1934 510 1985 Antiochiam
534 1934 657 1984 Barnabas
681 1944 703 1985 et
725 1937 829 1998 Paulus,
856 1938 922 1985 socio
944 1935 1052 1984 adsumto
1074 1937 1159 1987 1111111

104 2024 230 2087 (111111,
247 2024 306 2088 25],
330 2024 394 2084 inde,
416 2023 509 2087 Spiritu
532 2021 621 2070 Sancto
643 2024 783 2090 instigante,
806 2023 837 2072 ad
855 2041 915 2088 opus
933 2023 1030 2090 aliquod
1048 2042 1160 2091 magnum

104 2112 197 2170 emissi,
215 2109 324 2175 Cyprum
341 2111 473 2174 petierunt,
492 2108 609 2169 et,·lraud
626 2112 737 2177 exiguum
756 2117 849 2175 tempus
870 2109 992 2158 Salamine
1009 2113 1108 2172 versati,
1125 2120 1161 2159 to-

103 2205 152 2244 tam
169 2196 271 2244 insulam
288 2202 453 2263 peragrarunt,
471 2194 551 2261 Paphi
568 2201 644 2243 autem
662 2197 725 2262 apud
742 2196 916 2245 Proconsulem
934 2196 1047 2262 Sergium
1057 2197 1160 2247 Paulum

104 2281 253 2348 aliquamdiu
269 2284 408 2330 commorati
425 2282 658 2347 11111(13,4-12).
692 2283 788 2331 Relicta
806 2282 897 2348 Cypro,
915 2282 945 2329 ad
960 2283 1073 2347 Pergam,
1090 2285 1161 2334 Pam-

103 2369 191 2435 phyliae
216 2367 314 2430 urbem,
333 2369 485 2436 adpulerunt,
507 2368 550 2416 ubi
567 2368 710 2417 lllarcusab
726 2370 756 2417 iis
774 2368 895 2429 discessit,
913 2375 983 2434 atque
1001 2368 1056 2415 inde
1075 2367 1161 2417 Antio·
1204 2353 1209 2360 ,

104 2456 181 2505 elriam
195 2455 294 2502 Pisidia
310 2463 468 2521 pervenerunt
484 2456 536 2519 (13,
555 2453 593 2501 13.
611 2454 663 2518 le).
702 2456 743 2503 Ex
759 2454 804 2503 hac
821 2453 889 2515 urbe,
903 2455 1067 2519 persecutione
1085 2473 1098 2502 a
1115 2454 1161 2502 du·

104 2543 161 2591 dreis
184 2545 299 2603 excitata,
323 2542 404 2601 eiecti,
427 2542 551 2605 leonium,
576 2541 702 2606 Lycaoniae
719 2541 816 2602 urbem,
835 2541 955 2606 petierunt
977 2541 1035 2606 (13,
1053 2540 1092 2589 110.
1110 2541 1161 2606 51).

105 2629 170 2677 Satis
192 2629 292 2694 longum
316 2636 408 2694 tempus
427 2626 518 2691 [tuenda
534 2624 631 2694 χρόνον)
649 2627 683 2676 ibi
700 2629 853 2688 commorati,
875 2628 970 2676 tandem
993 2627 1048 2677 hine
1066 2646 1161 2695 quoque

105 2717 220 2783 aufugere
231 2716 315 2775 eoacti,
330 2715 442 2781 Lystram
461 2733 486 2763 sc
503 2711 655 2763 contulerunt
672 2714 726 2776 (14,
742 2713 826 2777 3-7).
862 2713 956 2780 Lystrae
973 2716 1075 2779 primum
1093 2733 1106 2762 a
1121 2733 1161 2780 pa-

104 2806 173 2870 ganis
191 2804 234 2851 Dii
251 2800 336 2862 habiti,
354 2808 437 2866 postca
455 2800 580 2849 1111ιᾶ111
598 2802 709 2866 exagitati
727 2807 790 2860 sunt,
818 2818 890 2866 qurrm
905 2800 997 2848 Paulus
1016 2800 1111 2866 quidem
1129 2801 1161 2848 la-

104 2891 214 2955 pidatus,
237 2888 364 2956 incolumis
387 2895 464 2935 autem
489 2893 595 2936 servatus
620 2894 693 2948 esset,
717 2886 817 2935 Derben
834 2889 966 2954 migrarunt
990 2885 1041 2951 (14,
1059 2886 1162 2951 8-211,

104 2976 215 3027 Postbaee
240 2992 313 3042 quum
336 2974 361 3022 in
381 2972 426 3024 bac
447 2991 543 3042 quoque
559 2971 620 3024 urhe
636 2973 784 3041 evangelium
802 2974 1162 3040 111111111111,111]11[1111111
