2638 3685
1093 239 1145 314 17

212 416 338 478 Ceterum,
364 435 437 484 quum
458 416 582 466 Barnabas
605 423 629 466 et
653 416 743 467 Paulus
760 416 817 468 Act.
836 414 877 476 14,
893 414 909 462 6
927 410 1077 480 evangelium
1095 408 1187 458 adnun-

124 503 212 551 ciantes
229 502 342 569 qutram
360 511 383 551 et
399 503 498 553 Dcrben
510 506 548 555 aui
565 502 609 573 τήν
626 506 756 571 περίχωρον
779 503 868 553 adiisse
886 501 1009 561 dicantur,
1034 515 1091 547 vero
1108 496 1187 546 simile

124 595 167 649 est,
185 588 298 637 ecclesias
322 588 462 637 christianas
484 591 554 638 ctiam
572 593 597 639 in
614 588 711 656 oppidis
728 591 869 657 quibusdam
887 588 989 638 Galatia,
1007 587 1110 653 antiquae
1129 602 1186 633 con·

124 673 185 723 ditas
201 674 283 724 fuisse.
317 674 404 723 Utrum
421 675 503 723 Derbe
520 682 543 724 et
560 676 651 744 Lystra.
666 676 721 728 Act.
738 677 777 737 16,
795 678 817 725 1.
835 678 850 725 6
868 694 882 725 a
899 676 999 742 regione
1019 672 1130 722 Galatica
1148 688 1185 720 se·

53 752 55 758 ’
122 768 243 826 parentur,
262 779 293 809 an
311 762 333 809 ei
350 761 528 823 adcenseantur,
545 764 662 812 incertum
680 761 842 830 relinquimus.
877 762 937 811 Haec
954 777 1011 808 vero
1030 759 1119 826 oppida
1138 758 1185 808 hoc

122 850 217 896 nomine
235 846 443 914 comprehendisse
459 847 561 910 Lucam,
583 868 657 917 quum
673 848 730 900 Act.
749 848 786 909 18,
804 848 837 895 23
856 847 886 896 dc
902 846 981 916 Paulo
1001 846 1079 895 dieat:
1096 846 1184 914 Ἐξῆλ-

123 944 154 985 ds
172 932 319 1003 διερχόμενος
336 934 434 1002 καθεξῆς
450 933 494 1003 τήν
505 934 639 1005 Γαλατικήν
656 932 734 1003 χώραν
748 939 785 986 ιιιιὶ
804 937 919 1002 Φρυγὶιιν,
944 937 1097 1001 ἐπιστηρίζων
1119 930 1184 983 πάν-

123 1043 164 1077 τας
180 1019 235 1077 aeria
257 1019 384 1091 μαθητάς,
411 1028 474 1071 recte
492 1039 506 1070 a
522 1021 640 1089 Botigero
659 1021 694 1084 ¹²)
712 1021 864 1069 observatum
882 1026 930 1082 est,
947 1018 1093 1083 Apostolum
1112 1021 1184 1081 enim,

124 1125 196 1172 quum
220 1109 245 1155 iu
266 1106 304 1156 his
325 1106 465 1175 regionibus
487 1116 633 1171 versaretur,
654 1108 708 1157 illas
725 1107 835 1158 ecclesias
853 1106 1009 1171 praeteriisse,
1032 1123 1184 1173 nequaquam

125 1193 251 1258 probabile
266 1202 308 1267 cst.

141 1469 142 1473 ¹
212 1472 286 1533 Quod
302 1472 332 1520 ad
350 1490 370 1523 a.
389 1472 420 1520 51)
439 1473 566 1522 concilium
584 1474 619 1521 sic
637 1471 727 1521 dictum
743 1470 991 1538 Hierosolymitanum
1008 1469 1142 1532 retulimus,
1159 1472 1186 1520 id

124 1562 174 1608 sine
197 1558 271 1607 dubio
294 1558 401 1607 firmatur
426 1558 600 1609 considerando
623 1565 675 1608 acta
699 1558 769 1605 Pauli
792 1558 822 1606 ab
846 1557 889 1606 illo
907 1555 964 1604 inde
981 1563 1091 1623 tempore
1108 1575 1186 1625 usque

123 1646 154 1694 ad
177 1646 387 1693 commorationem
409 1647 459 1694 cius
483 1644 673 1705 Corinthiacam,
697 1663 746 1710 quae
769 1646 821 1710 ipsa
843 1650 963 1715 momenta
982 1643 1092 1710 quaedam
1113 1644 1185 1693 nohis

124 1732 267 1799 suppeditat,
284 1731 349 1779 unde
365 1735 479 1797 temporis
496 1740 610 1798 punctum
625 1731 725 1797 aliquod
741 1730 865 1796 probabile
883 1731 971 1779 elicere
987 1747 1123 1795 possumus.

213 1816 275 1865 Cum
299 1818 394 1868 decreto
416 1818 591 1884 Apostolorum
609 1816 763 1866 Antiochiam
783 1818 850 1864 missi
868 1824 924 1865 suut
941 1816 1034 1864 Paulus
1052 1824 1076 1865 ct
1091 1817 1184 1866 Barna·

119 1899 166 1960 ¹has
188 1921 291 1952 unacum
315 1904 382 1952 duda
403 1903 510 1953 Barsaba
534 1912 556 1953 et
581 1904 678 1955 Silvano
705 1904 770 1966 [Act.
789 1904 829 1963 15,
847 1902 886 1954 22.
905 1903 957 1966 27),
991 1902 1083 1969 Elapso
1102 1903 1185 1971 aliquo

122 1999 228 2055 ternporr
247 1989 397 2059 (ποιήσαντες
414 1990 497 2059 χρόνον
513 2010 534 2041 v.
552 1989 595 2054 33)
617 1990 697 2038 dadas
716 1989 908 2055 Hierosolymam
925 2006 1036 2037 reversus
1054 1997 1097 2051 est,
1119 1991 1184 2038 Pau·

123 2077 160 2125 lus
178 2094 234 2124 vero
253 2084 276 2124 et
292 2077 419 2125 Barnabas
437 2083 554 2146 διέτριβον
572 2084 596 2128 ἐν
613 2076 749 2142 Ἀντιοχείᾳ
766 2074 916 2132 διδάσκοντες
935 2078 969 2137 [r.
987 2074 1041 2139 35).
1083 2076 1184 2126 Petrum

123 2166 212 2211 interea
231 2165 301 2210 ctiam
319 2161 474 2211 Antiochiam
491 2165 592 2224 venisse,
610 2163 693 2229 ibique
710 2161 805 2229 aliquod
823 2169 917 2226 tempus
935 2170 1108 2211 commoratum
1126 2181 1186 2226 esse,

124 2268 153 2298 ex
172 2248 269 2310 Gala,
288 2251 319 2296 11
346 2268 398 2316 sqq.
424 2250 542 2299 discimus.
582 2248 657 2303 illaesi
675 2254 700 2301 da*
717 2271 779 2305 τινας
796 2249 885 2317 ἡμέρας
902 2248 1004 2310 Paulus,
1021 2249 1129 2316 singulas
1147 2269 1186 2299 ur.

123 2336 180 2397 bes,
201 2337 226 2383 in
249 2335 336 2401 quibus
357 2353 489 2394 sermonem
511 2337 610 2385 Domini
628 2336 824 2395 adnuuciaverat,
840 2338 945 2399 revisere
962 2336 1069 2401 cupiens,
1087 2336 1187 2387 Silvano

124 2428 190 2473 socio
207 2422 326 2484 adsumto,
344 2423 440 2490 Syriam
459 2431 481 2471 et
499 2423 607 2472 Ciliciam
626 2424 759 2490 peragrarit
776 2419 847 2483 (Act.
868 2421 910 2482 15,
928 2421 1049 2486 36-41).
1088 2424 1187 2473 Derbcu

51 2551 52 2557 ,
123 2510 209 2560 deinde
224 2501 249 2557 et
264 2509 378 2577 ¹[lystram
393 2511 500 2574 pervenit
517 2510 578 2574 (16,
597 2510 634 2573 l),
658 2509 736 2571 unde,
759 2506 890 2556 Timotheo
915 2510 941 2556 iu
962 2511 1102 2559 societatem
1118 2514 1187 2560 itinc-

124 2601 156 2646 ris
180 2603 288 2660 accepto,
310 2595 384 2644 urbes
408 2596 523 2661 plurimas
540 2597 657 2657 visitavit,
679 2613 755 2662 neque
772 2595 824 2642 sine
842 2594 937 2656 sraretu,
959 2597 1064 2645 ccclesiae
1084 2599 1187 2646 enimin

123 2685 171 2732 fide
188 2682 353 2743 firmabantur,
377 2701 510 2750 carumque·
529 2700 642 2731 numerus
665 2682 770 2750 quotidie
798 2680 939 2747 augebatur.
978 2682 1087 2751 Phrygia
1109 2692 1187 2734 autem

124 2780 148 2819 ct
165 2770 275 2819 Galatica
293 2771 393 2836 regione
409 2772 549 2837 peragratis,
566 2769 672 2836 lllpsiam
689 2768 809 2836 praeteriit,
824 2775 848 2815 et
863 2769 995 2830 Troadem,
1017 2771 1101 2819 urbem
1119 2770 1186 2820 Asiae

123 2858 273 2916 maritimam,
290 2859 398 2921 pervenit
416 2857 469 2920 (16,
484 2856 570 2919 3-8).
610 2855 671 2904 lude
694 2858 719 2904 in
738 2853 907 2904 Macedoniam
931 2864 1108 2923 transgressus,
1129 2858 1186 2906 Phi-

123 2945 201 3010 lippos
220 2946 283 2991 mox
304 2944 372 3008 petiit
395 2945 429 3004 (v.
447 2943 499 3005 12),
540 2944 569 2991 In
587 2943 631 2992 hac
650 2943 711 2992 urhe
728 2940 851 2991 ecclesiam
870 2942 980 2992 condidit
997 2942 1091 3011 sibique
1109 2953 1186 2993 tencr-

124 3069 350 3077 Ἣ

157 3140 181 3182 a,
205 3137 217 3174 r.
233 3148 249 3175 ο,
261 3134 275 3173 a
290 3142 317 3174 aa.
