2638 3685
1078 223 1139 340 Ι19

216 402 308 451 Paulus
324 410 416 463 autem,
437 401 578 451 Corinthum
596 401 735 463 adveniens,
757 398 873 469 Aquilam
891 396 1005 447 Judaeum
1029 394 1065 443 ihi
1087 395 1184 459 reperit,

128 509 184 557 προς
186 487 266 555 (poleam
283 486 445 557 ἐληλυθότα
430 487 476 540 aad
494 490 534 556 τῆς
541 489 650 549 ’'Iuotrae
671 484 711 538 ant
726 485 754 540 ad
771 490 933 563 διατεταχέναι
944 480 1069 538 Κλαύδιοι)
1085 483 1183 549 χωρίζε-

128 583 187 626 σθαι
205 596 295 631 παντας
312 574 366 631 τοῦς
383 573 543 631 ''Ioodaaooe'
528 573 574 627 aad
591 576 685 645 τῆς(
645 569 695 626 'ulP
696 594 739 640 ppo
756 573 821 639 (Aet.
842 572 880 635 18,
898 573 931 639 2).
964 571 1003 619 De
1019 569 1066 620 hoe
1085 551 1182 647 Claudii

128 660 233 722 decreto,
252 660 316 728 quod
334 678 381 708 non
398 659 440 708 diu
457 660 557 709 valuisse
574 661 658 731 liquet²
640 596 772 709 tmullum
789 660 924 728 ambigitur.
959 657 1063 707 Orosius
1078 657 1102 721 ⁵)
1128 617 1181 734 qdi-

128 745 182 796 dem
203 747 337 813 ‹losephum
361 746 450 795 referre
474 748 517 809 ait,
541 747 651 813 expulsos
675 762 725 793 esse
746 746 845 794 dudaaos
868 746 928 795 urhe
947 762 1009 793 anno
1031 741 1129 792 Claudii
1147 742 1181 789 9¹¹⁰

127 832 142 882 i.
161 849 180 881 e.
199 850 220 885 a.
237 849 288 879 aerae
304 838 390 879 nostrae
408 832 440 881 50
459 833 558 897 ve1515
582 833 645 901 apud
666 831 797 897 dosephum
820 838 897 880 autem
915 832 945 880 de
961 831 1007 879 hae
1025 848 1051 878 re
1069 828 1130 877 nihil
1143 846 1181 876 re·

127 919 225 983 peritur.
259 917 307 966 Dio
327 918 424 967 Cassius
436 921 554 985 ⁶)narrat‚
572 920 672 968 dudaeos
691 918 783 984 quidem
800 935 850 966 non
867 918 978 982 expulsos
997 934 1057 981 esse,
1072 919 1096 968 id
1116 919 1181 986 quod

127 1011 225 1070 propter
241 1004 415 1053 multitudinem
433 1023 514 1054 eorum
534 1024 582 1054 non
599 1007 695 1065 liceret,
718 1003 843 1053 Claudium
861 1011 939 1052 autem
956 1005 1074 1067 uetuisse,
1094 1022 1124 1053 ne
1140 1023 1181 1084 pp·

127 1092 173 1139 trio
195 1099 261 1138 more
285 1087 448 1154 convenirent)
472 1092 517 1142 hoo
534 1111 589 1142 vero
608 1092 741 1153 decretum,
769 1092 812 1139 etsi
834 1089 928 1138 «ludaeis
948 1090 1068 1158 plerisque
1087 1109 1182 1170 eausam

129 1196 159 1226 ox
179 1177 239 1226 urbe
262 1177 400 1227 discedendi
423 1180 493 1227 facile
516 1179 572 1226 dare
594 1181 703 1245 poturit,
712 1196 781 1257 quum
800 1196 813 1225 a
830 1177 911 1224 Dione
929 1175 959 1223 ad
976 1177 1094 1225 initium
1088 1140 1184 1258 rmpelii

129 1264 257 1313 Claudiani
274 1264 358 1313 reterri
373 1264 532 1327 videatur,
510 1284 550 1314 vrx
567 1265 626 1313 illud
645 1281 697 1313 esse
715 1273 755 1328 pot
746 1271 803 1325 test,
827 1261 856 1311 de
875 1280 924 1330 quo
943 1262 1007 1336 apud
1024 1262 1118 1312 Lucam
1136 1281 1184 1344 spr-

128 1369 167 1399 mo
186 1359 227 1399 est.
262 1351 392 1415 Suetonius
410 1352 447 1415 ⁷‚)
470 1352 536 1415 nulla
557 1353 671 1416 temporis
687 1353 803 1399 mentione
821 1348 927 1410 adiecta,
944 1349 1045 1409 refert,
1055 1350 1184 1400 Claudium

129 1422 241 1499 audeas,
265 1437 408 1504 „impulsore
426 1438 527 1487 Chresto
545 1437 644 1486 adsidue
662 1435 841 1486 tumultuantesn
859 1436 938 1484 Roma
959 1435 1094 1501 expulisse,
1111 1437 1186 1505 quod,

129 1527 178 1573 sive
202 1521 254 1573 c'um
271 1524 376 1572 Baronio
395 1525 420 1588 8)
445 1525 476 1572 ad
499 1542 539 1573 eos
561 1524 676 1585 tumultu-s
700 1524 800 1584 reseras,
824 1539 884 1589 quos
901 1523 963 1570 inter
980 1522 1083 1572 Judaeos
1100 1524 1186 1573 Romae

130 1613 244 1661 excitasse
262 1610 466 1660 adnunciationem
485 1610 600 1677 evangelii
617 1609 741 1675 probabile
759 1617 801 1671 est,
818 1611 867 1657 sive
885 1608 915 1657 ad
931 1608 995 1670 illos,
1009 1628 1071 1677 quos
1089 1613 1114 1659 in
1128 1628 1186 1690 ppo·
1257 1630 1258 1637 ¹

129 1699 219 1747 vinciis
235 1696 333 1745 adsidue
354 1697 433 1745 locum
457 1695 567 1744 hahuisse
590 1698 713 1757 novimus,
735 1704 795 1745 certe
815 1712 864 1742 uon
886 1696 933 1744 nisi
958 1700 1087 1761 postremis
1117 1700 1186 1775 anpis

131 1784 228 1833 Claudii
246 1785 328 1833 evenit.
363 1783 410 1840 His
428 1784 494 1831 annis
512 1785 703 1847 superstitionem
721 1783 867 1848 peregrinam
884 1781 1074 1848 indignationem
1089 1784 1187 1850 Claudii

131 1872 240 1931 movisse,
258 1872 328 1918 etiam
346 1868 442 1917 aliunde
460 1876 558 1919 ooustat.
593 1870 682 1918 Furius
700 1868 868 1917 Scribonianus
886 1870 910 1916 in
928 1869 1039 1918 exsilium
1057 1878 1123 1920 aetus
1143 1853 1187 1933 est,

131 1959 215 2026 „quasi
231 1957 302 2005 finem
318 1957 431 2022 principis
450 1974 492 2021 per
509 1954 634 2004 Chaldaeos
652 1955 816 2015 scrutareturt,
838 1961 861 2002 et
879 1954 909 2003 de
926 1955 1099 2006 mathematicis
1115 1958 1187 2019 Italia

131 2044 249 2112 pellendis
272 2044 359 2090 laetum
382 2049 417 2090 est
440 2048 533 2089 senatus
556 2043 689 2091 consultum
708 2061 727 2090 a.
744 2043 774 2089 52
792 2043 822 2105 ⁹).
866 2041 952 2108 Neque
969 2050 1026 2107 tune
1040 2045 1123 2094 aderat
1140 2045 1187 2093 Ju-

133 2133 237 2180 dmorum
255 2137 376 2193 protector
393 2127 504 2194 Agrippa
522 2128 557 2178 ll.
596 2129 621 2177 ls
639 2131 710 2191 enim,
727 2137 751 2176 ut
768 2136 821 2176 ante
839 2146 892 2178 eum
910 2136 986 2195 palem
1003 2148 1096 2179 summo
1115 2131 1188 2180 Clau·
1256 2131 1257 2138 ’

133 2219 166 2267 dii
184 2218 265 2265 favore
283 2215 410 2282 gaudebat,
435 2223 458 2262 ot
475 2231 518 2280 pro
535 2223 598 2263 eerto
615 2216 762 2264 statuendum
778 2222 821 2276 est7
839 2205 959 2265 decretum
978 2216 1008 2264 de
1026 2218 1121 2267 Judaeis
1138 2220 1188 2300 ppl-

133 2304 219 2364 lendis,
237 2302 279 2350 illo
290 2304 373 2350 llomae
387 2309 510 2366 praesente,
527 2301 591 2349 haud
607 2302 681 2351 latum
701 2320 756 2352 esse.
790 2301 871 2363 Quum
891 2312 968 2352 autom
987 2322 1007 2356 a.
1022 2305 1054 2352 49
1065 2325 1108 2354 rex
1116 2306 1206 2385 Chala

135 2393 194 2444 eidis
212 2391 353 2439 constitutus
371 2396 432 2437 esset
452 2390 497 2453 ¹⁰),
515 2406 592 2456 neque
604 2390 705 2439 Caesaris
721 2390 797 2439 liberti
817 2396 840 2437 et
856 2392 925 2440 amici
942 2409 954 2439 a
972 2392 1189 2458 partihusdudaeo-

149 2556 152 2570 t

181 2611 197 2653 ⁵)
223 2606 295 2642 llistor.
307 2604 342 2639 lih·
355 2608 372 2641 7,
386 2614 401 2641 ε,
415 2605 430 2639 6,

180 2673 197 2716 ὓ)
221 2668 261 2705 Lib
275 2670 408 2715 (tephphol),

178 2733 194 2775 ⁷)
220 2730 242 2765 lu
255 2728 335 2764 Claudio
350 2740 389 2775 eap.
401 2731 429 2767 95.

180 2794 198 2837 8)
222 2793 290 2830 Aruml.
303 2792 326 2827 ad
340 2805 355 2829 a.
368 2796 396 2827 51.
408 2804 459 2830 uum.
473 2795 490 2830 1.

180 2857 197 2901 ⁹)
220 2854 483 2896 Tareitirhun,l.12‚e.52.
508 2854 530 2890 ln
543 2853 660 2890 editionibus
673 2854 774 2891 Annalium
785 2851 849 2888 Taciti
861 2854 1002 2891 recentioribus
1016 2857 1136 2905 germanicis,
1146 2865 1191 2906 post

223 2918 368 2964 Eunomianam,
387 2916 456 2952 vitium
473 2917 583 2965 irrepsisse,
602 2918 629 2952 ita
646 2922 670 2952 ut
685 2918 707 2954 ab
721 2931 735 2955 a,
747 2921 769 2952 50
785 2915 831 2951 iude
845 2928 895 2953 riuus
911 2931 971 2954 axinus
984 2918 1007 2954 ab
1020 2919 1060 2955 illis
1074 2922 1095 2956 in
1106 2922 1192 2969 margine

223 2981 295 3015 notatis
308 2979 448 3015 subtrahendus
463 2980 494 3025 sit,
509 2979 617 3015 observavit
631 2979 770 3022 Goesohonius,
787 2980 913 3028 errorumque
926 2992 954 3029 3ut
967 2982 1078 3031 dhorndune
1090 2987 1118 3022 aa
1131 2985 1153 3021 {ltu
1170 2987 1190 3023 d,

225 3042 282 3087 elucet.
295 3043 348 3079 &tue
360 3053 377 3080 u.
390 3042 464 3080 bultten
478 3045 528 3082 1831.
541 3040 565 3079 ll.
580 3045 620 3079 729.

173 3107 196 3151 l⁰)
211 3104 368 3158 Kaesophshntt.
381 3107 408 3148 20,
421 3107 438 3152 5‚
450 3108 466 3142 2.
490 3105 520 3141 De
531 3103 578 3140 Bell.
591 3104 631 3151 jud.
645 3111 703 3151 212,
716 3113 732 3145 1.
