2638 3685
164 237 214 310 18

119 409 186 456 rimis
203 405 303 456 vinculis
322 403 463 463 obstrinxit,
486 398 649 466 perseeutione
667 408 744 450 autem
762 384 814 451 orta
830 400 887 449 iude
904 399 1029 467 expulsus,
1059 419 1102 467 per
1119 402 1179 451 Am-

119 494 229 561 phipolin
252 499 275 539 et
291 488 448 554 Apolloniam
466 486 661 537 Thessalonicam
683 506 709 536 se
727 488 828 538 eontulit
845 487 945 554 (17,1).
990 486 1179 537 Commorationi

97 605 99 607 ·
120 582 170 628 eius
189 573 398 626 Thessalonicensi
421 571 485 621 haud
504 575 618 641 exiguum
633 582 726 640 tempus
744 575 918 642 adsignandum
937 584 985 638 est,
1010 594 1084 643 quum
1100 584 1124 625 et
1142 593 1179 625 ee-

120 665 216 714 clesiam
240 662 274 711 ihi
298 659 449 721 condiderit,
476 666 500 707 et
522 664 618 710 occasio
641 663 661 709 ei
686 661 740 710 data
764 664 795 710 sit
817 664 904 711 victum
920 662 1054 710 laborando
1073 680 1179 730 quaerere

120 754 148 816 (1
166 750 251 807 Thess.
269 749 298 809 2,
325 747 368 810 9),
394 740 473 814 neque
496 763 545 795 non
568 748 639 796 semel
659 750 792 816 iterumque
809 748 977 814 Philippenses
1000 750 1105 813 inopiam
1129 751 1180 796 eius

120 837 294 887 sublevaverint
311 833 390 897 (Phil.
408 833 433 893 4,
450 833 505 896 16).
545 833 607 883 Orto
629 844 705 883 autem
727 835 843 896 tumultu,
865 842 960 884 coactus
981 842 1016 883 est
1038 842 1111 884 noctu
1132 835 1179 883 Be·

122 942 202 973 roeam
219 924 304 989 fugere
322 920 392 983 [Act.
411 919 452 981 17,
470 919 522 982 10).
560 920 642 987 Neque
658 939 715 970 vero
736 922 784 982 ibi,
811 922 855 970 etsi
872 921 1041 969 humanissime
1058 929 1180 986 exceptus,

120 1009 273 1076 tranquillam
295 1007 444 1055 mansionem
466 1007 573 1069 reperire
594 1010 681 1073 potuit,
704 1008 760 1069 sed,
777 1007 877 1056 Silvano
895 1015 919 1057 et
935 1007 1064 1056 Timotheo
1082 1008 1181 1056 Beroea

120 1097 218 1151 relictis,
237 1097 289 1161 ipse
307 1114 321 1142 a
338 1092 452 1141 fratribus
469 1090 579 1142 athenas
597 1093 710 1146 deductus
728 1102 763 1143 est
781 1097 817 1157 [v.
836 1095 889 1159 14).
923 1094 1028 1143 Athenis
1045 1095 1123 1143 socios
1141 1113 1181 1143 ex·

123 1181 357 1249 spectavit(v.16],
381 1195 482 1245 quornm
499 1185 579 1227 tamen
601 1198 647 1228 non
664 1181 710 1228 nisi
726 1179 868 1229 Timotheus
886 1188 943 1229 tuuc
959 1180 989 1228 ad
1008 1199 1061 1229 eum
1079 1181 1181 1229 rediisse

123 1269 234 1333 videtur,
260 1285 331 1335 quem
355 1283 412 1313 mou
434 1266 520 1313 iterum
545 1263 739 1315 Thessalonicam
762 1267 877 1333 ablegans
905 1268 933 1329 (1
951 1266 1037 1315 Thess.
1055 1260 1078 1328 3,
1097 1269 1120 1329 1,
1145 1269 1181 1332 2),

123 1358 176 1422 ipse
197 1356 263 1404 solus
288 1351 429 1402 Corinthum
451 1350 574 1414 profectus
592 1361 626 1400 est
643 1351 708 1419 (rhet.
726 1352 766 1414 18,
784 1353 816 1417 l).
851 1353 900 1401 Tot
921 1355 1007 1402 itinera
1025 1355 1090 1402 etin
1107 1354 1181 1404 eecle-

123 1444 165 1491 siis
186 1440 317 1490 condendis
341 1446 382 1487 aut
403 1436 525 1484 firmandis
548 1438 642 1487 labores
662 1440 701 1486 uix
719 1442 781 1487 intra
799 1440 922 1505 angustius
937 1441 1051 1505 temporis
1070 1444 1181 1506 spatium,

125 1519 195 1595 quam
213 1527 316 1586 biennii,
340 1528 431 1575 includi
447 1544 531 1594 posse,
563 1525 666 1592 adparet.
700 1526 793 1593 ltaque,
811 1528 832 1574 si
847 1527 979 1587 statuimus,
997 1527 1100 1575 Paulum
1119 1546 1181 1575 anuo

124 1615 157 1662 52
174 1622 285 1680 vergente
303 1612 445 1662 Corinthum
464 1616 572 1673 venisse,
593 1612 634 1660 uhi
649 1630 735 1660 annum
753 1620 777 1661 et
792 1612 917 1661 dimidium
934 1614 1047 1661 remansit
1063 1613 1115 1678 (18,
1130 1615 1182 1678 11),

125 1709 201 1751 cetera
220 1717 315 1768 quoque
332 1699 429 1761 indicia,
448 1718 499 1766 que
518 1700 590 1748 obvia
609 1707 668 1759 suut,
684 1700 773 1764 optimc
790 1703 947 1749 consentiunt.

212 1788 294 1849 Quium
313 1787 426 1835 nimirum
450 1785 563 1835 Corinthi
582 1785 694 1834 tumultus
715 1793 800 1835 contra
821 1786 925 1834 Paulum
943 1788 1074 1834 excitarent
1092 1786 1182 1846 «ludaei,

124 1883 173 1924 erat
191 1874 273 1924 Gallio
290 1874 427 1923 Proconsul
445 1872 545 1922 Achaiae
564 1871 618 1935 (18,
635 1873 687 1936 12).
722 1872 821 1922 Annum
837 1872 943 1939 quidem,
959 1890 1006 1939 quo
1024 1890 1068 1938 pro
1087 1875 1183 1924 consule

123 1963 147 2010 in
165 1960 279 2009 Achaiam
297 1963 383 2008 missus
400 1968 435 2008 est
454 1959 545 2021 Gallio,
563 1960 712 2024 ignoramus,
742 1966 793 2009 erat
810 1966 889 2007 autem
906 1961 927 2007 is
944 1959 1018 2007 frater
1035 1959 1142 2022 Seneca,
1160 1971 1183 2011 et

124 2049 173 2097 veri
191 2046 268 2096 simile
284 2047 381 2097 omnino
401 2054 445 2104 est,
463 2064 526 2106 eum,
544 2045 668 2095 adiuvante
684 2047 765 2108 fratre,
782 2046 898 2095 honorem
915 2047 1052 2104 eonsrrlatus
1070 2046 1182 2113 adeptum

125 2152 183 2184 esse.
223 2132 340 2182 Senecam
358 2140 463 2195 autem,
475 2151 489 2180 a
506 2131 650 2193 Messalina,
674 2133 730 2200 fleto
748 2134 860 2194 crimine,
879 2134 904 2180 in
922 2132 1020 2181 exilium
1036 2134 1133 2182 missurn
1151 2137 1182 2199 1),

125 2221 276 2287 Agrippina,
300 2237 373 2284 quum
391 2218 494 2267 Claudio
512 2225 638 2284 nupserat,
663 2220 781 2269 revocavit
799 2221 863 2268 etin
881 2236 968 2285 magno
987 2219 1077 2267 honore
1091 2219 1182 2282 hahuit,

127 2310 196 2373 eique
218 2306 339 2355 Neronem
363 2305 510 2354 edocendum
533 2303 633 2355 tradidit
649 2305 679 2369 2).
715 2306 855 2376 Evenerunt
871 2305 922 2353 haec
941 2324 962 2355 a.
978 2306 1025 2369 495
1049 2314 1103 2354 ante
1121 2305 1183 2358 hunc
1205 2314 1206 2317 ’

126 2410 213 2442 annum
231 2391 378 2442 consulatum
397 2391 516 2441 Gallionis
534 2395 574 2441 vix
591 2408 678 2455 ponere
694 2390 767 2455 licet,
791 2410 844 2440 eum
868 2400 945 2441 autern
963 2410 1012 2440 non
1030 2392 1103 2440 multo
1121 2402 1184 2459 post,

126 2479 219 2527 favente
242 2477 393 2543 Agrippina,
414 2478 535 2527 consulem
560 2485 662 2527 creatum
678 2478 716 2527 vel
733 2479 859 2527 suffectum
877 2478 972 2542 esse³],
996 2485 1066 2544 atque
1084 2479 1144 2528 adeo
1163 2500 1183 2530 a.

127 2565 157 2614 53
179 2563 336 2613 Proconsulis
359 2571 438 2630 partes
460 2567 484 2613 in
506 2564 601 2616 Achaia
623 2581 703 2631 gerere
725 2565 845 2632 potuisse,
873 2567 937 2614 omni
961 2565 1052 2614 ratione
1070 2583 1095 2615 se
1113 2567 1182 2616 nohis

126 2650 274 2702 commendat
284 2651 316 2714 4).

172 2849 187 2892 ¹)
210 2846 248 2882 Dio
262 2845 341 2881 Cassius
353 2846 366 2880 l.
379 2849 407 2883 60.
420 2858 462 2894 pag,
474 2852 513 2885 670.

171 2911 187 2955 Ε)
210 2908 272 2944 Taciti
284 2908 354 2946 Annal.
364 2908 378 2943 l.
392 2912 419 2945 12.
433 2921 450 2946 c.
460 2914 477 2948 8.

172 2973 188 3016 ³)
212 2970 256 3009 Vid.
267 2973 333 3018 Anger
346 2971 358 3009 l.
372 2983 388 3009 c.
401 2984 442 3020 pag,
456 2976 495 3010 119.

171 3035 187 3078 ⁴)
212 3033 253 3073 cfr.
265 3033 345 3070 Bnrcnii
356 3033 407 3071 Anu.
420 3034 444 3071 ad
456 3048 471 3073 a,
484 3040 506 3072 53
520 3047 571 3075 nutu.
586 3037 615 3073 33.
