2638 3685
179 224 231 299 31

222 391 333 457 Epistola
351 391 380 438 ad
393 389 560 455 Philippenses
583 389 653 454 paulo
677 386 753 435 serius
771 388 860 453 scripta
879 393 922 448 est,
941 406 1013 455 quum
1031 390 1077 437 iam
1095 390 1189 440 vincula

134 479 249 545 Apostoli
260 482 289 527 in
307 477 416 541 praetorio
436 483 458 524 et
473 474 573 523 Caesaris
592 473 725 524 domesticis
742 467 819 541 magis
833 475 992 524 innotuissent
1014 474 1089 540 (Phil.
1108 477 1132 537 l,
1151 476 1191 524 13.

135 567 159 627 4,
176 567 232 628 22),
249 562 343 627 iamque
360 578 497 626 persuasum
515 560 604 610 habere
622 566 707 627 posset,
731 578 756 608 sc
774 561 798 608 in
817 559 861 611 bac
878 562 926 610 vita
943 580 1122 627 permansurum
1141 580 1192 612 esse

136 652 173 714 (l,
191 650 248 712 25),
274 655 297 695 et
313 666 384 714 quum
402 646 596 713 Epaphroditus,
615 648 654 715 qui
671 648 760 695 interea
777 649 844 713 gravi
862 648 947 697 morbo
965 649 1127 710 laboraverat,
1144 650 1191 698 iam
1216 664 1217 667 ’

135 739 160 786 in
178 754 206 786 eo
224 741 293 795 esset,
310 742 337 782 nt
352 733 480 800 Philippos
496 735 542 783 iter
559 728 694 800 susciperet.
1111 726 1112 731 ’

638 882 693 946 15.

224 1019 274 1081 Qui
298 1019 401 1067 Paulum
426 1019 527 1084 primum
551 1036 571 1069 a.
590 1019 622 1067 62
640 1020 739 1067 Romam
764 1003 900 1081 pervenisse
917 1017 1070 1079 contendunt,
1092 1025 1193 1084 possunt

138 1105 218 1173 aliqua
235 1114 299 1155 certe
316 1107 365 1153 veri
383 1107 461 1170 specie
478 1113 589 1165 statuere,
608 1124 658 1153 eum
677 1107 702 1152 in
719 1104 884 1169 perseeutione
897 1105 1034 1154 Neroniana
1051 1105 1194 1170 supplicium

139 1210 236 1258 passum
260 1209 326 1253 esse,
350 1209 420 1258 quum
436 1192 489 1239 finis
503 1192 594 1239 biennii
610 1210 624 1240 a
641 1190 717 1239 Panlo
735 1190 819 1237 Romae
833 1194 960 1252 transacti,
978 1191 1109 1240 secundum
1127 1191 1193 1240 illam

141 1281 308 1340 coniecturam,
325 1279 349 1325 in
366 1296 386 1326 a.
401 1278 433 1325 64
448 1277 550 1339 incidat,
573 1287 621 1344 quo
639 1294 699 1325 anno
717 1275 852 1325 incendium
869 1277 953 1326 Romu
970 1278 1062 1327 Neroni
1079 1276 1194 1337 Christia-

141 1384 185 1414 nos
204 1364 362 1431 persequcndi
379 1371 516 1429 praetextum
539 1364 612 1415 dedit.
646 1365 674 1413 Si
696 1380 752 1411 vero
769 1362 862 1412 Paulus
879 1364 927 1412 iam
946 1382 966 1413 a.
985 1366 1016 1413 ot
1033 1366 1137 1414 Romam
1153 1364 1194 1412 ad·
1243 1372 1244 1375 ’

140 1454 243 1512 venerit,
266 1458 373 1500 exactum
392 1457 426 1498 est
442 1449 502 1498 iliud
521 1450 660 1511 biennium,
673 1451 740 1499 cuius
762 1451 787 1497 in
808 1449 856 1498 fine
878 1449 997 1499 Actorum
1020 1451 1073 1516 (28,
1090 1451 1131 1504 30,
1150 1451 1194 1515 31)

139 1539 282 1587 mentionem
305 1538 362 1585 facit
378 1536 471 1598 Lucas,
493 1555 555 1585 anno
572 1539 759 1603 persecutionem
777 1537 938 1601 praecedente,
955 1536 1019 1585 unde
1037 1539 1159 1605 sequitur,
1174 1539 1195 1587 si

140 1626 179 1674 hie
202 1642 280 1673 rerum
303 1624 458 1672 Paulinorurn
479 1623 534 1671 finis
557 1629 632 1685 esset,
650 1641 702 1672 enm
724 1641 774 1672 nou
797 1624 822 1670 iu
843 1622 888 1672 bac
905 1626 1070 1689 perseeutione
1088 1625 1195 1690 periisse,

141 1711 192 1772 scd,
211 1718 264 1759 acta
281 1728 359 1771 causa,
381 1726 411 1758 ex
427 1712 541 1758 sententia
559 1708 660 1759 Caesaris
674 1709 791 1775 supplicio
809 1705 1006 1759 adfectum'esse.
1022 1712 1025 1721 ⁸
1041 1711 1097 1760 Hoc
1117 1719 1195 1759 autem

139 1798 211 1848 modo
232 1797 303 1863 plane
325 1795 465 1845 incredibile
482 1803 532 1858 est,
549 1796 656 1858 Lucam,
678 1797 699 1844 si
716 1796 799 1861 paucis
816 1796 896 1845 verbis
912 1798 1001 1846 exitum
1018 1797 1090 1845 Pauli
1107 1796 1194 1846 descri-

140 1885 205 1946 bere,
223 1890 295 1950 atquc
310 1884 343 1932 ita
360 1883 404 1931 toti
421 1881 450 1932 de
468 1882 540 1931 rebus
557 1884 609 1931 eius
628 1883 758 1932 narrationi
774 1882 846 1931 finem
862 1884 985 1949 imponere
1002 1884 1127 1949 potuisset,
1146 1883 1193 1933 boc

139 1971 351 2039 praetermissurum
360 1970 440 2018 fuisse.
457 1954 630 2018 Demonstrant
637 1970 715 2037 itaque
721 1971 808 2031 omnia,
814 1968 907 2018 Lucam
921 1969 960 2019 hic
969 1971 994 2018 in
1003 1969 1129 2019 scribendo
1140 1970 1197 2019 sub·

140 2059 235 2118 stitisse,
254 2056 328 2122 quod,
342 2063 424 2104 exacto
442 2055 483 2104 iilo
501 2056 608 2118 biennio,
630 2073 714 2105 novum
731 2055 876 2105 curriculum
892 2057 944 2105 vita
960 2056 1039 2106 Paulo
1055 2058 1196 2122 aperiretur,

141 2144 206 2210 quod
229 2142 365 2192 describere
389 2142 411 2190 ei
431 2143 476 2190 iam
492 2159 541 2191 non
564 2144 590 2190 iu
610 2142 686 2192 animo
705 2151 763 2194 erat.
798 2142 959 2192 Consentiunt
976 2160 1073 2210 quoqne
1089 2144 1196 2192 testimo·

140 2231 180 2277 nia
194 2231 267 2278 totius
285 2229 437 2294 antiquitatis,
461 2246 538 2296 nequo
555 2230 634 2277 minus
649 2229 711 2280 idem
729 2230 833 2297 probant
848 2229 954 2295 epistolae
971 2229 1051 2291 Pauli,
1072 2247 1132 2296 quas
1153 2247 1196 2295 pa·

142 2315 242 2364 storales
264 2315 362 2376 vocant,
380 2314 465 2381 quihus
481 2315 572 2365 nullum
590 2314 655 2363 alind
670 2323 777 2384 tempus,
802 2334 874 2384 quam
885 2322 941 2382 post
956 2318 1057 2381 primam
1076 2315 1196 2381 captivita-

141 2409 189 2451 tem
206 2402 348 2462 Romanam,
366 2399 490 2468 adsignare
506 2419 640 2468 possumus.

232 2488 271 2536 De
288 2486 325 2535 his
343 2494 420 2535 autem
437 2487 495 2537 nibil
513 2488 636 2550 babemus,
650 2489 714 2556 quod
730 2491 761 2539 iis
778 2487 903 2549 addamus,
920 2505 972 2555 qum
989 2487 1198 2536 inDissertatione

142 2575 173 2624 de
189 2574 279 2624 ultimis
297 2575 364 2622 annis
381 2577 483 2623 muneris
500 2574 627 2641 apostolici
643 2591 656 2622 a
672 2576 750 2625 Paulo
767 2575 844 2643 pesti,
866 2574 948 2622 Haun.
966 2574 1080 2637 18151),
1098 2571 1197 2621 uberius

142 2663 301 2728 exposuimus.
340 2659 406 2709 Inter
427 2659 468 2709 illa
490 2669 595 2710 veterum
619 2659 649 2710 de
669 2661 824 2713 exituPauli
842 2661 977 2710 testimonia
993 2662 1111 2729 insignem
1126 2675 1196 2709 ocen-

187 2847 202 2891 1)
225 2843 556 2891 ntuoutrptaeonnfnnc.189.
585 2843 670 2881 Eandem
681 2846 796 2883 sententiam
805 2849 873 2895 postea
885 2850 963 2882 strenue
975 2846 1062 2883 defendit
1072 2845 1164 2901 Boehlius
1176 2846 1198 2882 in

227 2907 289 2943 libro.-
307 2907 359 2945 tuter
375 2907 400 2944 tte
417 2909 454 2950 Scit
471 2911 498 2947 ort
516 2910 607 2956 tibintuna
626 2917 643 2945 ιι.
659 2911 689 2948 ten
701 2911 816 2956 {tantunaco
829 2910 921 2956 &berotto
933 2911 960 2946 tet·
970 2909 1028 2953 fflrtrte
1043 2919 1065 2946 nn
1076 2910 1120 2948 tin,
1132 2919 1149 2946 r.
1161 2909 1196 2947 aa.

228 2973 281 3010 1629.
312 2970 348 3015 [tir.
361 2970 449 3017 uacuae,
466 2972 546 3019 {liutrigo
559 2982 588 3020 ptr
601 2970 637 3017 biit.
649 2970 683 3010 rat.
698 2972 795 3021 OEtnIettnrg
807 2974 835 3010 ino
848 2972 871 3009 ur.
885 2972 905 3009 33.
918 2972 942 3009 Θ.
957 2973 989 3007 117
1002 2971 1019 3017 tt.
1046 2970 1069 3007 ln
1081 2970 1197 3007 contrariam

227 3031 343 3070 sententiam
356 3030 393 3067 ivit
404 3030 503 3082 Sebeniel,
515 3035 540 3073 tte
554 3034 609 3084 ,nette
624 3032 719 3084 deturpat
736 3036 760 3084 oft
772 3037 801 3075 tec
813 3033 888 3081 tinctor
901 3033 973 3081 tantae.
991 3033 1048 3082 §strat
1060 3034 1113 3073 &tau
1125 3034 1195 3074 nutrit·

231 3097 274 3133 1841
287 3093 309 3134 Ι..
321 3096 343 3132 53
356 3105 397 3142 sqq.
