2696 3618
205 145 233 218 4

156 314 224 378 poris
248 320 303 378 post
326 316 502 365 conversionem
520 312 646 375 effluxerit,
670 320 793 381 antequam
810 312 913 381 aliquem
930 330 960 363 ex
976 313 1102 381 Apostolis
1117 315 1209 378 viderit,

156 398 265 466 nihilque
282 400 313 447 ad
330 419 380 464 rem
398 400 486 463 facere,
503 407 582 448 utrum
600 403 668 452 citius
684 419 714 449 an
729 402 805 449 serius
820 408 874 466 post
887 400 956 449 illum
973 400 1076 450 reditum
1092 403 1208 452 Hieroso-

155 484 243 551 lymam
259 485 380 550 profectus
398 486 443 547 sit,
467 504 540 552 quum
558 487 673 537 incertum
690 487 798 535 relietum
816 489 854 550 sit,
876 487 990 555 quamdiu
1011 496 1078 537 antea
1094 490 1208 539 Damasci

156 577 314 620 commoratus
331 570 414 617 afuerit.
455 571 557 621 Dixerat
573 574 645 639 paulo
664 581 716 622 ante
734 577 765 637 (v.
783 573 838 645 lqu:
855 573 1039 643 Odde'dudldor
1056 581 1086 632 ale
1103 575 1208 645 Ἱεροσό-

154 663 225 721 λυμα,
243 673 307 705 uunc
323 672 379 703 vero
398 655 472 719 addit,
491 676 516 707 se
535 658 629 708 demum
646 668 700 725 post
714 667 762 708 tres
780 678 862 730 aranos,
879 662 990 708 nimirum
1008 679 1022 709 a
1039 679 1086 727 quo
1103 670 1210 726 tempore

152 743 210 792 inde
227 742 350 810 profectus
368 750 438 804 esset7
455 745 501 806 vel⁷
518 746 583 811 quod
601 747 663 794 idem
681 753 723 807 est,
738 765 752 795 a
770 748 930 808 conversiones,
946 746 1004 794 illuc
1016 763 1135 795 reversum
1152 765 1209 797 esse.

153 828 240 895 Pergit
265 831 411 898 Apostolus:
432 834 534 888 Ἔπειτα
551 836 626 905 ἦλθον
648 844 678 893 εἰς
698 835 730 887 ecl
748 840 848 900 κλίματα
864 832 904 901 τῆς
918 835 1007 900 Συρίας
1024 836 1061 882 καὶ
1079 834 1119 901 τῆς
1135 840 1209 887 Κιλι-

154 920 204 974 αίας
222 921 255 981 (v
274 919 318 982 22)
341 948 373 956 -
392 949 422 956 —
443 951 473 957 -—
491 925 571 974 ἔπειτα
590 922 630 975 ded
648 920 820 988 δεκατεσσάρων
843 918 900 969 ἐτοῖν
922 916 993 969 πάλιν
1011 917 1096 987 ἀνέβην
1114 925 1144 976 εἰς
1161 921 1208 971 Ἰε-

154 1001 275 1070 ροσόλυμα
299 1006 336 1069 (2,
360 1006 394 1069 l).
428 1006 479 1059 Aeci
501 1007 524 1058 lr.
546 1008 562 1056 l.
586 1009 719 1076 significare
741 1006 836 1075 „post¹¹‚
858 1012 884 1052 ut
907 1002 964 1052 Act.
984 1004 1031 1065 24,
1052 1005 1084 1052 17
1103 1006 1131 1058 ‹le'
1150 1007 1208 1057 ἑτῶν

156 1089 278 1151 πλειόνων,
298 1093 399 1158 „elapsis
417 1093 526 1157 pluribus
549 1097 645 1156 annisu,
666 1096 690 1159 2)
713 1111 789 1160 neque
800 1092 930 1164 qlectionem
949 1107 1000 1138 esse
1017 1092 1162 1153 vexandam,
1185 1094 1208 1156 3)

155 1177 207 1243 sine
225 1176 299 1226 dubio
316 1180 362 1227 iam
383 1180 445 1226 inter
462 1197 543 1228 omnes
566 1189 663 1231 constat.
704 1181 762 1242 Quae
781 1196 852 1251 qpum
869 1181 902 1225 ita
917 1177 971 1227 sint.
988 1179 1028 1224 vix
1045 1177 1094 1227 ulle
1112 1181 1208 1246 gravior

157 1270 193 1311 est
216 1264 342 1313 dubitandi
359 1284 446 1328 ‚causa7
471 1268 528 1333 quin
550 1266 576 1316 hi
595 1269 627 1318 ld
644 1269 698 1315 anni
714 1263 851 1314 numerandi
873 1265 926 1312 sinti
945 1262 974 1311 ab
997 1263 1038 1311 illa
1060 1267 1208 1329 profectione

156 1349 390 1418 Hierosolymitane,
413 1352 443 1401 de
462 1371 508 1420 quo
526 1354 598 1402 modo
617 1371 693 1403 sermo
708 1352 797 1411 fuerat,
820 1369 893 1416 quum
917 1367 948 1397 ne
972 1352 1094 1400 minimum
1112 1353 1207 1420 quidem

156 1437 263 1503 signum,
286 1456 333 1505 quo
356 1438 496 1488 indicaverit
517 1442 621 1505 scriptor
643 1458 668 1488 se
689 1442 778 1500 iterum]
795 1455 808 1484 a
825 1436 968 1485 revelatione
986 1438 1032 1486 sibi
1049 1439 1110 1488 facta
1128 1442 1176 1488 sive
1194 1459 1207 1488 a

155 1526 309 1572 conversione
327 1528 526 1590 computationem
543 1545 659 1574 annorum
675 1527 809 1595 instituissc.
828 1522 948 1589 adpareat.
987 1524 1042 1573 Hoc
1060 1543 1163 1593 quoquc,
1182 1529 1206 1573 ni

155 1607 238 1669 fallor,
261 1612 417 1660 concederent
441 1630 537 1674 omncs,
563 1615 610 1661 nisi
627 1619 773 1671 vererentur,
796 1628 838 1682 pc,
860 1608 906 1658 hoc
924 1608 1039 1673 admisso,
1057 1611 1206 1678 gravioribus

155 1693 336 1745 difficultatibus
367 1697 543 1767 chronologicis
571 1699 760 1764 implicarentur3
789 1713 838 1767 qon
861 1702 938 1743 eutem
962 1697 992 1743 ad
1021 1705 1206 1763 praeconceptam

154 1783 301 1845 opinionem,
326 1785 369 1833 sed
385 1785 416 1833 ad
434 1786 497 1834 clara
512 1785 584 1833 verba
601 1786 739 1849 scriptorum
754 1781 971 1831 constituendaest
988 1791 1120 1848 temporum
1138 1786 1207 1837 ratio.

153 1867 277 1917 Habemus
291 1871 428 1937 itaque'hie
446 1873 478 1919 17
496 1890 571 1920 annos
590 1871 619 1919 alo
637 1871 678 1918 illo
695 1878 809 1937 tempore,
833 1887 880 1937 quo
897 1869 1137 1936 primum-Christum
1155 1871 1205 1920 Do-

151 1956 240 2003 minum
258 1958 379 2020 professus
398 1966 447 2006 erat
464 1959 563 2020 Paulus7
581 1958 680 2022 elapsos.

241 2041 362 2102 Quaeritur
379 2053 469 2106 eutem,
497 2045 527 2093 ad
546 2044 665 2111 quodnam
682 2044 804 2116 itinerumq
828 2061 880 2110 quer
897 2044 928 2104 in
940 2041 1010 2092 Actis
1027 2041 1092 2108 App.
1109 2062 1204 2092 narran-

152 2131 199 2186 tur7
216 2132 348 2192 posteriore
371 2130 425 2180 loco
447 2133 577 2197 respexerit
597 2129 693 2179 Paulus.
731 2129 769 2177 De
786 2129 828 2200 illo
845 2131 869 2176 in
886 2128 999 2191 Acten,
1015 2128 1047 2176 30
1065 2129 1139 2178 relato
1156 2148 1204 2178 non

153 2230 204 2260 esse
225 2216 391 2279 cogitandum7
413 2219 534 2281 postulant
558 2219 643 2265 orinia.
690 2216 769 2263 Huius
791 2217 882 2289 ipineris
902 2215 975 2281 longe
998 2216 1044 2263 alia
1066 2215 1111 2263 fuit
1134 2219 1204 2278 ratio,

152 2317 223 2365 quam
246 2301 326 2352 illius.
348 2303 378 2350 de
396 2321 443 2370 quo
461 2300 499 2354 liic
516 2322 593 2352 sermo
613 2309 659 2364 cst3
684 2302 806 2351 adscendit
828 2301 1065 2349 Paulustcomitante
1081 2301 1202 2364 Bernaba,

151 2385 189 2433 vel
212 2388 292 2451 potius
314 2388 437 2437 Barnabas
459 2392 584 2440 eomitante
608 2387 685 2436 Paulo
707 2418 736 2425 —-
755 2388 797 2437 illc
820 2389 881 2436 enim
898 2395 955 2435 tunc
971 2388 1084 2450 temporis
1101 2384 1218 2437 Paulum¹

151 2475 292 2522 auctoritate
316 2475 479 2525 antecelluisse
498 2478 591 2526 videtur
613 2504 646 2513 -
663 2475 867 2541 Hierosolymam,
884 2480 910 2520 ut
925 2475 1048 2538 pecuniam
1067 2474 1096 2521 ad
1114 2483 1203 2541 egesta·

149 2566 197 2608 tem
215 2560 385 2609 sublevandam
408 2562 530 2612 collectam
551 2561 684 2613 senioribus
702 2562 819 2634 traderet,
846 2578 895 2609 non
912 2577 968 2607 vero
986 2567 1012 2607 ut
1028 2578 1080 2608 cnm
1097 2559 1203 2626 Aposto-

148 2646 179 2694 lis
195 2646 225 2695 de
240 2646 349 2695 doctrina
366 2649 491 2702 conferret.
525 2651 564 2697 Ex.
582 2647 618 2694 lris
635 2645 750 2710 dumbus,
767 2648 841 2697 frater
861 2647 973 2706 Joannis,
989 2647 1123 2711 nuperrime
1141 2650 1203 2696 occi-

147 2750 187 2782 sus
206 2741 256 2782 erat
272 2732 339 2799 (Act,
358 2735 399 2796 12,
414 2735 450 2798 1),
462 2736 548 2785 Petrus
564 2733 690 2799 aufugerat
707 2738 739 2799 (v,
757 2733 814 2798 17),
838 2750 916 2801 neque
933 2733 993 2781 alius
1010 2733 1057 2786 auia
1076 2732 1202 2786 doaodreuv

194 2969 212 3013 ²)
237 2966 280 3004 Vid,
293 2968 353 3005 attinet
367 2968 474 3006 &scrutandi
486 2970 513 3005 oea
525 2965 690 3013 arrvteltarunlltrteu
703 2968 833 3013 &prodicionis
846 2965 881 3002 Ed.
896 2967 913 3001 3.
925 2978 967 3014 pag.
979 2969 1018 3005 326.

196 3034 212 3077 ³)
238 3029 278 3065 Cir.
291 3028 379 3080 inprimis
391 3030 457 3078 Anger
469 3029 492 3067 dc
504 3034 611 3080 temporum
624 3028 645 3066 iu
656 3029 710 3067 Actis
723 3031 771 3079 App.
784 3029 858 3067 ratione
876 3040 919 3078 pag,
935 3032 969 3068 127
982 3041 1023 3078 sqq.
