2638 3685
167 227 215 299 le

125 395 216 461 „Datur
231 402 254 443 et
270 395 396 444 tetrarchia
413 414 442 445 ex
456 396 588 462 Lycaonia,
605 411 651 462 qua
668 399 734 458 parte
753 392 853 443 Galatiae
870 395 1015 443 contermina
1033 400 1076 455 cst,
1097 394 1175 443 eivita-

121 468 175 530 tum
192 482 268 541 xlv,
292 482 351 529 urbe
374 483 527 532 celeberrima
550 481 656 532 Iconio¹⁴‚
689 480 750 529 Erat
766 480 816 530 haec
830 480 957 530 tetrarchia
976 482 1026 529 sine
1044 480 1117 529 dubio
1135 480 1177 529 illa

122 584 179 632 pars
195 567 331 632 Lycaoniae,
348 552 420 632 quam
436 566 577 632 possederat
593 568 700 628 Polemo,
717 569 765 616 iam
780 585 845 631 vero,
862 575 895 616 ut
905 568 1005 630 videtur,
1022 570 1110 635 quippe
1128 567 1176 616 Ga-

122 653 184 701 latiae
198 652 307 714 finitima,
324 652 379 702 huic
396 655 523 717 provinciae
542 653 665 706 adtributa.

206 738 308 788 Minime
325 740 458 801 statuimus,
481 744 602 809 evanuisse
619 748 716 807 propter
730 740 793 791 hane
810 742 1000 791 coniunctionem
1017 742 1112 789 nomina
1127 741 1177 808 Lp-

118 827 220 887 caoniac,
243 824 350 887 Pisidiae,
373 826 479 887 Isauriae,
501 846 553 894 quae
574 829 637 877 haud
658 846 713 876 raro
732 828 795 893 apud
813 830 939 892 scriptores
955 827 1019 875 illius
1037 830 1079 875 aeri
1097 845 1177 877 occur·

122 919 185 974 runt,
204 920 226 961 et
244 914 375 961 certissime
393 914 488 978 populis
504 916 562 980 ipsis
579 917 604 964 in
614 933 658 963 usu
672 923 744 964 erant.
785 914 815 961 ld
831 912 994 962 tantummodo
1013 914 1120 962 evincere
1137 933 1178 962 ro-
1214 927 1215 930 ’

123 1000 224 1061 luimus,
254 1000 361 1063 potuisse
383 1017 469 1055 nomen
494 1000 595 1050 Galatiae
620 1003 687 1050 etiam
706 1019 777 1049 sensu
793 1000 878 1050 latiore
896 1003 972 1061 snmi,
994 1001 1027 1047 ita
1044 1008 1070 1048 ut
1087 1009 1177 1050 ceteras

124 1087 199 1135 dictas
215 1087 328 1152 regiones
344 1087 414 1134 simul
430 1086 632 1152 complecteretur.
674 1088 729 1135 Hoc
746 1095 823 1135 autem
840 1104 922 1134 revera
940 1088 1052 1146 evenisse,
1069 1084 1178 1150 pluribus
1199 1097 1201 1099 ’

126 1172 241 1238 exemplis
264 1172 394 1221 docuimus.
446 1173 589 1223 Inscribitur
609 1175 682 1239 prima
700 1174 799 1239 epistola
823 1174 922 1221 Petrina
940 1179 1050 1229 ἐκλεκτοῖς
1074 1194 1178 1239 capam-

128 1257 221 1326 δήμοις,
235 1259 363 1326 διασπορᾶς
384 1257 490 1320 Πόντου,
515 1264 644 1320 Γαλατίας,
671 1264 854 1320 Καππαδοκίας,
885 1258 969 1316 Ἀσίας
992 1262 1029 1310 καὶ
1051 1261 1178 1314 Βιθυνίας·

128 1364 202 1412 eperum
225 1351 302 1391 autem
325 1343 457 1409 Apostolus
480 1344 604 1407 ecclesias,
633 1364 683 1413 qua,1
701 1345 835 1395 denticehia,¹
859 1348 883 1393 in
900 1345 1009 1406 Pisidia,
1032 1345 1126 1411 Lpstris
1145 1345 1179 1407 ⁹),

127 1433 206 1480 Iconii
222 1438 262 1478 aut
279 1431 360 1478 Derbe
378 1432 508 1492 exstabant,
526 1435 701 1497 praetermittere
716 1434 741 1480 in
754 1432 800 1483 ,hac
819 1434 879 1481 serie
896 1432 999 1480 voluisse
1017 1433 1112 1480 minime
1131 1432 1179 1477 exi·

128 1518 259 1568 stimandus
281 1521 324 1579 sit,
347 1516 389 1566 has
412 1518 517 1566 ecelesiis
541 1518 640 1567 Galatiae
663 1537 715 1568 eum
736 1521 892 1569 accensuisse‘
905 1519 1055 1567 manifestum
1079 1516 1179 1568 videtur.

127 1606 187 1653 Pari
208 1603 280 1653 modo
308 1604 371 1669 apud
396 1605 508 1652 'l'acitum
525 1603 648 1671 Lycaonia
671 1614 693 1654 et
712 1606 805 1654 Isauria
823 1623 836 1653 a
854 1605 948 1654 Galatia
967 1606 1034 1671 quasi
1051 1603 1179 1657 absorben-

128 1701 172 1740 tur.
206 1691 291 1739 Refert
309 1693 371 1738 enim
390 1691 441 1755 1⁰),
465 1690 568 1739 Galbam
587 1691 702 1758 Galpmric
720 1691 850 1759 Asprenati
870 1690 988 1740 Galatiam
1017 1709 1043 1740 ac
1059 1689 1180 1756 Pamphy-

127 1780 182 1827 liam
205 1778 338 1843 prori'ncias
360 1776 477 1843 rependas
499 1779 659 1842 permississe,
685 1780 850 1827 interiacentes
865 1785 942 1825 autem
960 1784 1035 1825 terras
1051 1776 1181 1843 Lycaoniae

128 1873 150 1913 et
159 1865 257 1913 Pisidiae
271 1863 343 1912 alium
354 1863 466 1912 habuisse
483 1864 628 1928 praefectum,
645 1866 741 1913 minime
756 1864 905 1913 statuendum
922 1870 965 1925 est,
982 1881 1031 1911 non
1046 1881 1102 1911 vero
1121 1881 1180 1929 opus

129 1958 178 2000 crat
209 1951 251 1998 has
275 1950 412 2016 singulatim
435 1968 572 2011 recensere,
599 1970 669 2017 apiriam
690 1953 715 1999 in
740 1953 862 2018 provincia
880 1950 980 1999 Galatiae
998 1951 1181 2000 continerentur.

128 2037 195 2085 helem
213 2036 277 2102 apud
294 2037 449 2085 Ptolemaeum
469 2054 564 2103 quoque
583 2036 691 2102 adparet,
708 2040 728 2085 is
746 2040 808 2085 enim
826 2036 945 2085 Galatiam
963 2055 1043 2085 versus
1059 2036 1181 2085 meridiem

128 2122 295 2189 Pamphyliam
317 2123 443 2189 adtigisse,
471 2131 542 2190 atque
566 2122 624 2171 adeo
647 2127 759 2172 maiorem
776 2132 866 2190 partem
885 2123 990 2184 Pisidiae,
1012 2122 1140 2189 Lycaoniae
1159 2131 1181 2171 et

129 2210 227 2257 isauriae
251 2209 396 2274 complexam
419 2210 492 2257 luisse
516 2210 636 2274 adfirmat,
665 2213 782 2277 quinimo,
806 2209 884 2258 trihus
909 2209 1030 2257 Galaticae
1048 2198 1181 2271 recensens,

130 2296 173 2343 has
193 2294 271 2343 tribus
291 2303 369 2359 partcs
386 2314 456 2362 supra
474 2296 591 2350 dictarum
604 2298 726 2363 regionum
744 2314 880 2361 occupasse,
899 2295 986 2344 diserte
1003 2303 1118 2343 memorat
1137 2295 1181 2358 Π).

130 2381 222 2430 Paulus
236 2382 317 2448 igitur,
336 2400 408 2448 quum
425 2400 501 2449 neque
518 2385 542 2430 in
560 2381 706 2445 salutatione,
724 2401 800 2449 neque
818 2385 843 2429 in
861 2382 1042 2447 exprobratione
1052 2381 1106 2430 Gal.
1116 2381 1139 2441 3,
1158 2383 1181 2442 l,

132 2470 209 2516 varias
226 2476 318 2533 gentes,
336 2468 382 2515 sibi
400 2470 497 2517 invicem
514 2470 612 2529 vicinas,
632 2487 689 2536 equas
707 2469 790 2518 ecdem
808 2477 913 2533 tempore
931 2468 1036 2529 adiisset,
1058 2484 1181 2516 recensere

131 2554 236 2615 luberet,
268 2572 349 2602 omnes
373 2573 420 2602 una
442 2554 631 2603 denominatione
654 2555 792 2604 Galatarum
816 2553 1036 2619 comprehendisse,
1061 2572 1109 2601 non
1131 2557 1182 2601 sinc

132 2660 202 2691 eausa
218 2640 361 2691 contendere
378 2641 446 2690 nobis
461 2642 575 2690 videmur.

178 2786 192 2832 9)
217 2788 281 2831 Quum
293 2783 368 2819 Plinius
386 2783 406 2828 (l,
419 2787 436 2820 5.
452 2795 468 2828 c,
479 2786 509 2830 32)
526 2784 631 2832 Lpstrenov
642 2783 692 2821 inter
704 2784 778 2821 incolas
791 2783 870 2819 Galatiae
882 2787 975 2824 numeret,
994 2782 1015 2818 hi
1028 2789 1079 2819 certe
1093 2786 1183 2834 oppidum

220 2848 308 2896 Lystranr
320 2846 436 2885 incolebant.
459 2847 490 2883 An
501 2847 573 2883 rectius
587 2845 716 2893 „Lystrcnsos¹⁴
729 2846 851 2883 scribendum
864 2849 920 2887 osset,
933 2845 952 2880 id
968 2845 1066 2881 Riiclaerto
1084 2849 1182 2891 (dertonam

219 2913 246 2948 tec
263 2910 288 2947 (ὅ.
300 2910 343 2954 207)
360 2920 402 2943 eum
418 2908 480 2945 Plinio
497 2907 640 2957 disceptandum
657 2910 788 2959 relinquimus.
825 2909 930 2946 Nobiscum
946 2908 1019 2943 faciunt
1038 2907 1146 2947 Schellerus
1163 2912 1183 2947 in

220 2972 291 3009 chico
303 2970 338 3006 snb
351 2982 392 3008 voc.
404 2970 476 3020 Lystra,
490 2977 508 3010 et
519 2972 680 3018 Wcrnsderl'ssus,
693 2974 716 3010 dc
729 2972 826 3021 republica
840 2973 948 3009 Galatarum
960 2983 1000 3019 pap.
1012 2974 1051 3009 ⁶222.

167 3039 192 3081 1⁰)
218 3036 269 3071 llist.
282 3033 294 3069 l.
309 3037 325 3071 2,
339 3045 354 3071 e.
366 3037 382 3070 9.

169 3101 192 3145 ¹1)
216 3097 284 3144 Geopr.
297 3096 310 3136 1,
322 3100 339 3133 5.
351 3107 366 3133 e.
381 3100 408 3134 11.
