2696 3618
149 801 222 892 luter
240 839 376 887 innumeras
393 838 458 901 sere,
482 857 540 907 quas
558 828 662 887 inierunt
679 838 724 887 viri
742 837 817 900 docti,
834 840 951 900 rationes,
969 847 1010 900 ut,
1027 858 1078 907 quac
1096 843 1121 889 io
1137 839 1207 889 Actis

150 923 325 989 Apostolorum
342 933 482 986 narrantur,
505 928 567 974 iusto
587 925 670 974 ordine
686 922 856 991 chronologico
875 924 1038 990 disponerent,
1056 926 1121 974 nulla
1138 925 1208 975 nobis

149 1009 306 1075 iampridem
328 1012 405 1075 magis
422 1011 513 1073 adrisit,
536 1030 607 1083 qulam
625 1011 675 1072 illa,
699 1027 752 1077 quae
769 1012 791 1058 in
808 1010 871 1059 libro
898 1010 1043 1077 Grrldbergii
1060 1014 1144 1073 nostri,
1167 1014 1209 1079 qui

150 1096 291 1145 inscribitur
307 1098 517 1163 „Qitctcttemcoettc
533 1101 568 1164 ior
585 1100 620 1150 tet
637 1099 686 1162 tipo
706 1097 839 1160 detonante
855 1100 938 1165 {tagra
963 1098 1209 1163 placentinorum,

151 1185 291 1235 continetur,
331 1183 373 1231 Ab
396 1183 442 1234 lroc
465 1184 560 1251 quidem
584 1185 702 1249 scriptore
727 1185 752 1231 in
773 1185 928 1250 temporibus,
952 1183 1040 1250 quibus
1057 1186 1147 1233 exarati
1164 1186 1210 1233 sint

150 1271 180 1320 N.
199 1271 229 1319 T.
247 1270 311 1330 libri,
327 1270 497 1339 constituendis
516 1271 541 1318 in
558 1271 680 1338 plerisque
697 1269 859 1332 dissentimus5
886 1286 938 1334 quae
955 1287 1012 1318 vero
1030 1273 1108 1337 capite
1126 1272 1163 1320 1Μ
1181 1271 1210 1321 de

152 1356 309 1423 chronologia
326 1356 444 1405 Actorum
461 1358 583 1423 exposuit,
601 1375 642 1418 ca,
666 1358 686 1404 si
704 1357 804 1404 minores
823 1354 938 1422 quasdam
957 1355 1129 1422 discrepantias
1148 1361 1211 1407 exci-

151 1446 217 1509 pias,
248 1446 422 1492 aacmatissima
444 1461 487 1508 pro
510 1442 601 1492 viribus
623 1438 712 1492 uostris
735 1443 838 1490 instituta
855 1442 1038 1509 investigatione
1054 1444 1211 1510 comprobata

152 1533 176 1577 in
193 1529 348 1597 sequentibus
365 1529 465 1596 pagellis
482 1531 595 1580 iuvenies,
634 1529 697 1578 Rem
714 1537 789 1577 autem
806 1530 838 1576 ita
856 1527 1032 1595 adgrediemur,
1056 1538 1091 1593 ut,
1109 1549 1162 1599 quae
1180 1532 1210 1580 ab

152 1617 205 1665 aliis
227 1616 257 1664 ad
279 1615 351 1663 finem
372 1616 485 1681 perducta
502 1615 571 1665 nobis
588 1616 712 1676 videntur,
732 1616 832 1664 breviter
848 1615 1012 1663 tantummodo
1030 1624 1211 1681 pertractemus,

152 1703 269 1769 ablegatis
294 1701 324 1749 de
347 1703 441 1769 reliquo
463 1702 593 1752 lectoribus
610 1701 641 1750 ad
659 1720 701 1750 eos
718 1704 857 1767 scriptores,
876 1703 917 1767 qui
934 1701 1004 1750 nobis
1021 1705 1125 1751 manime
1142 1706 1210 1753 satis-

151 1791 265 1853 fecerint,
282 1777 492 1856 figmentaautem,
510 1807 561 1856 quaa
578 1807 676 1854 prorsus
694 1791 772 1854 iucpta
789 1790 838 1836 visa
856 1795 918 1849 suut,
935 1789 1023 1836 intacta
1039 1790 1210 1857 relinquemus,

152 1894 201 1925 non
220 1878 282 1924 enim
300 1875 375 1923 literis
392 1876 506 1941 prodesse
524 1875 630 1936 videtur,
654 1882 681 1923 ut
699 1878 723 1923 in
741 1874 824 1924 talibus
842 1875 976 1940 repetendis
995 1883 1018 1923 et
1035 1876 1167 1926 refutandis
1186 1879 1210 1925 in

152 1971 294 2028 perpetuum
313 1960 460 2011 eruditorum
483 1969 588 2011 versetur
605 1961 708 2012 solertia.

668 2108 698 2170 i.

241 2231 337 2279 Primus
360 2232 425 2280 testis
450 2230 581 2280 audiendus
603 2238 639 2279 est
655 2232 726 2281 nobis
743 2230 840 2292 Paulus,
866 2249 935 2297 quem
954 2234 979 2280 iu
996 2235 1096 2299 epistola
1114 2235 1145 2283 ad
1164 2235 1211 2284 Ga·

76 2376 78 2379 ⁴
153 2319 212 2366 latas
231 2319 254 2378 l,
279 2318 370 2378 15-2,
394 2318 423 2367 lo
441 2318 471 2366 de
489 2319 642 2368 conversione
659 2337 702 2367 sua
716 2327 746 2383 et·
755 2318 783 2365 de
800 2318 925 2367 itineribus
943 2322 1051 2386 proxime
1067 2323 1212 2388 insequenti-

155 2406 201 2453 bus
219 2403 333 2452 habemus
352 2404 515 2453 disserentem.
556 2405 581 2453 Is
599 2412 686 2468 autem,
704 2405 810 2465 narratis,
828 2422 878 2470 qvae
897 2408 919 2453 ei
936 2407 1107 2474 Hierosolyma
1124 2409 1212 2456 Dama-

155 2509 221 2540 scum
238 2494 283 2539 iter
300 2492 396 2540 facienti
419 2492 568 2552 acciderant,
591 2509 733 2558 secessuque
755 2495 779 2540 in
798 2489 916 2540 Arabiam
940 2502 963 2541 et
984 2494 1062 2542 reditu
1084 2497 1108 2542 iu
1125 2496 1213 2544 Dama-

156 2597 237 2639 scum,
258 2577 382 2643 subiungit
400 2581 437 2640 (v.
458 2577 516 2641 lsslz
537 2577 639 2631 Ἔπειτα
660 2578 723 2643 perd
747 2583 784 2645 ἔτη
805 2581 861 2646 τρία
883 2578 989 2647 α’νῇλθυν
1007 2587 1038 2637 εἰς
1054 2579 1212 2649 Ἰεροσόλυμα.

156 2666 220 2713 Sient
237 2664 348 2731 quidem,
374 2666 415 2731 qui
433 2665 478 2714 lroo
495 2665 621 2712 triennium
640 2683 653 2712 a
670 2666 750 2721 reditu
772 2666 795 2711 in
812 2662 957 2715 Damascum
981 2676 1105 2715 numerant
1114 2668 1148 2731 ¹),
1171 2670 1213 2716 sed

155 2753 209 2800 luce
227 2751 313 2801 clarius
332 2750 437 2812 videtur,
461 2750 486 2797 id
504 2769 575 2818 affere
590 2751 707 2814 Paulum,
730 2760 757 2801 ut
772 2751 887 2814 ostendat,
905 2761 1018 2820 qrruntum
1037 2757 1138 2820 spatium
1156 2762 1213 2804 tem-

205 2948 222 2989 1)
247 2945 308 2992 dicati)
321 2946 446 2992 ttumutaapan
459 2957 478 2994 pa
491 2946 578 2990 diiunctio
593 2947 638 2984 orni.
651 2949 668 2985 in
680 2952 710 2987 tce
724 2950 746 2986 a.
755 2950 773 2986 t.
786 2946 874 2994 tictrttrbt
886 2956 918 2985 aaa
931 2949 1046 2994 ttoiannaiittrt
1058 2947 1082 2988 ΙΙΔ
1094 2953 1121 2989 tt.
1146 2952 1213 3001 ltcppe

245 3006 269 3042 ad
280 3007 299 3044 h.
312 3008 325 3043 l.
350 3008 418 3046 unocurt
432 3009 539 3047 coruncan-
552 3010 578 3046 it.
592 3011 622 3048 ton
634 3011 685 3056 tbctct
696 3023 717 3049 ort
729 3013 753 3049 tir
767 3010 837 3048 orlata
849 3022 891 3057 pap.
904 3016 931 3048 17.
944 3012 982 3050 atii

1064 3090 1083 3123 1*
