2696 3618
1134 134 1157 207 5

138 304 242 354 adfuisse
259 305 364 368 videtur,
379 325 449 375 quam
466 305 583 366 dacobus,
601 305 675 353 liater
693 303 791 353 Domini
797 338 805 366 ,
820 320 891 373 quem
909 303 987 352 solum
1006 298 1147 354 nominatim
1163 323 1198 354 sa-

137 391 209 439 lutari
224 392 290 441 iubet
305 394 392 442 Petrus
411 393 543 442 discedens.
580 391 661 453 Quum
683 390 758 456 igitur
776 391 825 440 bace
843 391 962 458 profectio
986 410 1036 440 non
1052 392 1082 440 ad
1101 410 1153 440 rem
1171 392 1200 440 il-

137 477 192 539 lam,
210 476 240 525 de
258 496 304 544 qua
322 497 375 527 eum
396 479 489 527 Galatis
506 481 531 527 in
546 477 591 527 hac
609 476 709 543 epistola
727 477 847 543 agebatur,
863 480 1001 543 pertineret,
1021 497 1072 527 eam
1086 479 1197 529 hocloco

136 565 326 627 praetermississc
349 565 468 625 Paulum,
499 573 522 613 et
546 565 577 612 ad
600 563 729 628 concilium
747 565 810 629 quod
828 564 915 613 dieitur
937 565 1196 633 Hierosolymitanum,

137 649 202 715 quod
219 652 244 698 iu
261 650 318 705 aar.
336 653 412 718 capite
430 651 483 699 15ῃῖο
502 658 708 710 commemoratur,
726 667 872 714 properasse,
889 653 986 700 minime
1003 653 1138 702 mirandum
1153 661 1196 709 est,

136 734 198 784 Cum
216 735 260 786 bae
278 739 304 786 in
323 737 394 787 Actis
411 739 547 786 narratione
565 737 626 785 bene
639 736 777 806 convenire,
795 738 888 803 quaein
907 738 1007 803 epistola
1025 739 1114 788 adserit
1130 742 1195 789 Pau·

135 821 185 884 lus,
207 831 244 884 ct,
268 843 320 891 quae
337 825 428 874 iniectae
446 832 501 873 sunt
518 824 692 884 dubitationes,
710 821 780 870 facile
797 822 857 871 solvi
874 840 958 887 posse,
976 824 1006 872 ab
1023 827 1193 892 interpretibus

73 914 74 921 ’
135 910 229 972 optimae
245 918 306 958 notae
321 911 380 959 adeo
398 912 530 960 luculenter
548 911 736 959 demonstratum
754 915 795 970 est,
812 910 839 972 4]
862 917 889 957 ut
906 908 950 957 bac
969 909 1129 977 disputatione
1148 912 1193 962 boc

134 993 188 1043 loco
203 998 357 1061 supersedere
374 1000 499 1064 possimus.
1138 1052 1140 1055 .

222 1083 307 1132 Liceat
324 1085 370 1132 iam
386 1102 483 1150 ponere,
501 1085 652 1152 quodetiam
670 1083 837 1149 plerorumque
854 1081 1003 1130 eruditorum
1022 1084 1143 1150 suffragiis
1159 1088 1194 1133 ni-

133 1167 198 1229 titur,
221 1168 327 1218 habitum
349 1189 400 1220 esse
423 1171 484 1219 illud
509 1171 637 1220 concilium
664 1173 728 1218 eirea
751 1186 835 1216 anuum
853 1169 920 1216 AErae
939 1168 1095 1235 Dionysiana,
1113 1170 1154 1231 50,
1174 1174 1195 1235 [a

134 1270 181 1320 quo
205 1257 225 1302 si
247 1260 301 1305 anni
326 1257 356 1305 17
380 1264 444 1307 retro
467 1258 629 1318 numerantur,
647 1255 747 1322 adparet
764 1272 849 1303 annum
867 1253 899 1301 33
919 1271 971 1303 esse
990 1272 1078 1303 annum
1097 1273 1194 1305 eonver-

133 1342 207 1391 siouis
220 1342 296 1393 Pauli.

220 1613 305 1661 [Eram
319 1612 491 1681 Dionysiauam
511 1631 556 1662 nos
572 1613 677 1682 quidem,
695 1613 839 1665 confusionis
854 1609 968 1659 evitandae
984 1628 1064 1672 carisa,
1081 1611 1107 1658 in
1124 1616 1193 1663 anuis

131 1698 282 1746 numerandis
301 1702 430 1766 sequimur,
447 1701 494 1748 alio
513 1708 590 1749 autem
607 1701 671 1764 loco,
687 1703 708 1750 si
725 1719 773 1749 uon
788 1699 904 1758 evincere,
926 1704 950 1744 at
967 1704 1046 1744 tamen
1064 1698 1191 1761 probabile

130 1784 231 1833 reddere
248 1785 389 1847 studuimus,
407 1786 528 1836 Christum
545 1787 616 1836 buius
631 1806 683 1836 aerae
701 1804 762 1836 anno
780 1786 819 1846 29,
837 1786 879 1851 qui
896 1790 931 1830 est
949 1801 1024 1831 annrrs
1041 1783 1116 1832 Urbis
1134 1805 1190 1835 con·

131 1871 184 1919 ditae
203 1871 266 1933 782,
287 1875 430 1938 supplicium
454 1891 550 1938 passum
576 1892 628 1923 esse
649 1875 679 1939 1).
714 1874 756 1923 Aa
772 1872 817 1920 boc
834 1871 908 1938 igitur
926 1887 988 1917 anno
1005 1869 1035 1918 ad
1054 1875 1190 1922 conversio-

176 2069 193 2112 ι1)
218 2067 295 2114 Winer,
307 2067 361 2103 Pauli
372 2068 396 2103 ad
409 2066 485 2103 Galatas
498 2069 587 2116 epistola.
609 2069 735 2108 Ed.2,Exc.
748 2072 764 2103 2.
786 2065 877 2113 Arrgerl.
893 2076 908 2102 e.
921 2075 963 2112 pag.
978 2067 1012 2100 142
1025 2077 1066 2114 sqq.
1096 2070 1135 2116 bap
1150 2071 1191 2109 eta:

217 2131 279 2177 aaran,
298 2131 315 2167 ia
333 2133 358 2167 tle
376 2131 463 2176 &dritten
480 2134 508 2168 bre
526 2133 583 2170 eta.
601 2135 671 2177 3ttuil.
692 2132 718 2170 ΙΙ,
732 2131 777 2175 tlt.
808 2129 884 2173 beliden,
897 2130 924 2165 itt
936 2128 1002 2172 313ῠῇοῑ
1015 2129 1084 2173 {libatae
1098 2132 1122 2168 ff),
1136 2136 1158 2169 58
1174 2136 1190 2179 ii.

218 2193 283 2238 &dett
297 2192 400 2240 eaaaaaag
413 2193 474 2239 einiger
486 2195 569 2241 nilmttgen
582 2195 650 2239 maeret.
664 2196 730 2239 tianae
741 2196 758 2230 in
769 2194 795 2228 aa
808 2190 952 2237 tettntgetdtidpte
961 2192 976 2227 t.
990 2192 1022 2235 eta.
1031 2191 1100 2230 {Bautae
1114 2195 1137 2233 e.
1145 2198 1189 2242 itti.

217 2254 309 2290 Eiusdem
321 2254 393 2290 (lanam.
406 2255 428 2290 in
440 2267 482 2303 epp.
493 2255 516 2291 ad
528 2255 595 2292 Thus,
610 2261 629 2291 et
644 2257 722 2293 Galatas
735 2267 775 2304 pap.
786 2256 820 2289 303
833 2264 875 2300 sqq.
900 2253 927 2289 fite
936 2252 997 2297 {betta
1010 2254 1055 2300 turp
1070 2254 1163 2306 eatstan,
1175 2263 1189 2297 a.

217 2318 275 2362 Qttltlt
294 2329 316 2354 an
332 2320 357 2355 tu
375 2318 416 2356 (tat.
434 2319 458 2355 Θ.
472 2321 494 2356 22
511 2319 528 2365 ll
563 2318 646 2354 llasitat
659 2319 736 2367 quidem
748 2315 853 2353 ildebertus
867 2313 888 2359 (l.
901 2325 917 2350 e.
930 2326 972 2361 pag⁴
986 2317 1026 2352 327.
1042 2318 1092 2361 333),
1105 2320 1190 2358 sednon
1205 2358 1206 2361 ,

216 2379 255 2415 nisi
267 2379 287 2415 id
300 2379 379 2415 dubium
391 2379 476 2423 liabens,
495 2392 542 2416 num
553 2381 604 2417 iuter
615 2382 700 2429 primum
711 2382 749 2417 iter
761 2376 958 2424 Hierosolpnitamnn
972 2381 991 2412 et
1003 2376 1060 2412 illurn
1073 2389 1190 2420 conventum

217 2445 241 2477 14
257 2442 302 2477 anni
318 2442 436 2490 praeterlapsi
455 2453 496 2478 esse
512 2445 593 2492 possint.
630 2444 685 2481 Hane
698 2449 761 2480 autem
772 2438 912 2477 dubitationem
922 2438 943 2474 in
955 2440 1080 2487 sequentibus
1092 2455 1190 2482 removere

216 2505 337 2542 tentabimus.

176 2584 194 2629 Ι)
219 2582 247 2617 De
263 2579 526 2629 momentis'chronologicis
544 2580 565 2615 in
582 2580 622 2615 vita
639 2580 690 2617 «lesu
702 2579 775 2616 Christi
790 2590 831 2625 pap.
851 2581 879 2614 16.
898 2576 959 2613 Paule
973 2577 1189 2627 serirrs,‹prarrrnost1·a

216 2642 332 2690 disquisitio,
346 2643 368 2677 iu
379 2641 442 2679 iucem
454 2643 528 2690 prodiit
540 2655 594 2691 opus,
612 2654 685 2680 surum-u
697 2642 778 2692 alapaflelp
792 2640 911 2676 elaboratum
925 2641 1016 2688 oninique
1030 2642 1144 2679 eruditionis
1158 2656 1188 2680 ec-

215 2706 248 2755 pia
263 2706 391 2749 instruetmn,
407 2705 514 2741 Wieselcri
531 2707 621 2751 „tartidate
638 2709 667 2744 tta
685 2708 720 2745 tier
738 2703 853 2750 tranantur.
879 2704 979 2748 Qraateuus
992 2708 1080 2738 anostra
1093 2706 1189 2741 sententia

217 2768 302 2804 discedat
313 2768 343 2804 uir
356 2768 487 2815 doctissimus,
499 2781 558 2816 qurun
570 2768 628 2803 huius
640 2768 680 2805 loei
692 2769 768 2804 nonsit
780 2765 888 2813 disceptare
909 2766 955 2812 (cb.
970 2766 1044 2801 interea
1056 2767 1154 2804 Ebrardus
1167 2769 1189 2804 in

215 2831 300 2878 bbulud'd
316 2831 364 2868 titre
382 2832 462 2879 tlnpigct
481 2832 531 2868 1844.
548 2832 580 2868 ua.
594 2833 635 2875 37),
651 2830 672 2866 id
691 2831 775 2867 sufficiat
790 2840 875 2876 monere⁷
888 2830 905 2865 si
917 2833 948 2866 eui
962 2831 1021 2878 magis
1036 2831 1131 2878 placuerit
1146 2844 1189 2867 eum

215 2892 324 2929 Wieselero
344 2895 396 2941 (pag.
414 2896 449 2929 386
465 2894 514 2941 sqq.)
532 2892 648 2941 supplicium
666 2893 773 2931 Servaturis
792 2891 815 2927 ad
835 2904 907 2928 aunum
919 2906 961 2930 arrae
973 2893 1095 2942 Dionysiana
1108 2898 1131 2928 30
1144 2897 1188 2941 (783

217 2955 238 2993 li.
251 2955 283 3002 G.)
297 2956 377 2998 referre,
389 2967 410 2991 eo
425 2954 521 2991 caleulum
533 2959 621 2991 nostrum
632 2967 672 2992 nou
683 2951 797 3005 perturbari
821 2952 907 2991 Possunt
919 2958 970 2993 onim
983 2969 1024 3006 quac
1037 2968 1060 2992 cx
1071 2957 1126 2992 Actis
1139 2959 1187 3005 App.

215 3016 316 3054 retulimus
332 3018 389 3056 etiam
405 3018 426 3055 in
445 3017 529 3067 spatium
547 3018 605 3056 trium
622 3030 716 3058 annorum
732 3015 829 3064 restringi,
841 3028 904 3067 neque
916 3019 943 3056 ita
955 3018 1057 3066 premenda
1070 3025 1116 3057 sunt
1129 3020 1187 3058 verim
