2638 3685
1120 247 1173 322 29

154 431 257 473 retorem
281 421 373 472 Judaeae
398 424 472 474 luisse
494 426 532 489 θ),
556 442 634 493 neque
653 431 733 473 tamen
754 431 847 492 tempus
865 421 1041 491 procurationis
1059 420 1127 470 Festi
1144 419 1215 466 nimis

154 510 299 574 restringere
325 510 388 560 lieet.
424 511 481 560 Hoe
504 511 566 559 enim
591 519 699 577 tempore
723 509 832 578 Agrippa
858 529 969 579 magnam
988 508 1035 558 sibi
1058 506 1216 555 aedificaverat

155 596 260 655 domum,
278 596 310 642 ita
320 598 397 656 sitam,
414 603 441 643 ut
458 614 471 644 e
488 596 599 658 triclinio,
617 615 690 664 quum
708 593 757 645 illic
774 597 932 659 decumberet,
949 595 1064 664 quiequid
1081 595 1107 642 in
1124 591 1214 659 templo

155 688 265 748 ageretur
287 689 395 745 spectare
416 689 503 747 posset.
544 681 598 730 Hae
620 701 646 732 re
669 680 787 747 indignati
803 684 1078 751 Hierosolymitanorum
1100 697 1213 746 proceres

154 785 248 816 murum
273 766 346 816 altum
368 774 549 828 exstruxerunt,
576 770 617 835 qui
638 775 790 836 prospectum
807 788 820 818 e
838 770 941 819 triclinio
955 770 1121 834 interciperet,
1147 765 1212 833 quod

156 873 228 922 quum
252 871 315 919 aegre
339 854 429 903 ferrent
442 852 565 920 'Agrippa
588 861 611 903 et
630 855 732 903 maxime
754 854 852 918 Festus,
881 873 974 905 murum
997 855 1061 902 dirui
1085 856 1212 903 iusserunt.

155 940 238 990 Judaei
260 947 353 1002 autem,
376 942 501 1005 impetrata
524 941 606 1000 venia,
629 940 659 989 de
682 939 728 988 bae
749 958 774 989 re
795 942 888 1009 legatos
905 941 936 989 ad
954 939 1071 989 Gaesarem
1088 941 1212 997 miserunt,

156 1029 205 1095 qui,
222 1028 293 1075 uxori
310 1027 430 1092 Poppaea,
448 1027 560 1093 religioni
576 1027 718 1075 Judaeorum
736 1026 843 1089 addictae,
862 1034 889 1076 ut
910 1044 992 1075 murus
1014 1034 1128 1086 maneret,
1157 1042 1212 1075 oon-

155 1115 228 1165 oessit
245 1114 273 1178 9).
292 1100 294 1102 ‚
314 1113 374 1163 Haee
399 1115 477 1162 omnia
494 1121 591 1179 peracta
607 1113 718 1162 videntur
732 1112 803 1163 Festo
820 1113 899 1162 adbuc
912 1114 975 1174 vivo,
997 1130 1074 1179 neque
1092 1119 1170 1161 tamen
1188 1113 1213 1158 in

155 1202 252 1251 brevius
269 1201 383 1264 temporis
399 1201 501 1266 spatium
520 1217 590 1266 quam
608 1199 699 1248 biennii
715 1198 785 1248 facile
802 1200 893 1250 includi
911 1205 1025 1265 possunt,
1045 1197 1105 1246 adeo
1123 1198 1214 1245 utiam

156 1307 176 1338 a.
191 1287 228 1335 oo
245 1287 410 1352 prefecturam
425 1287 557 1351 suseepisse
565 1286 663 1335 Festum
679 1287 880 1336 verosimillimum
895 1289 933 1337 sit.
967 1284 1031 1333 Sunt
1049 1290 1072 1332 et
1089 1283 1145 1345 alia,
1156 1299 1215 1349 ,quae

155 1374 220 1423 idem
235 1372 349 1435 suadent,
379 1391 432 1441 quae
449 1380 536 1433 tamen,
553 1390 583 1421 ne
601 1373 745 1438 prolixiores
762 1375 846 1436 simus,
869 1373 916 1422 boe
933 1372 988 1420 loeo
1006 1370 1216 1438 pretermittimus,

155 1462 181 1510 id
204 1459 277 1509 modo
299 1447 464 1520 observantes,
486 1460 564 1507 omnia
582 1461 671 1525 optime
688 1461 832 1522 consentire,
855 1467 882 1508 ut
898 1458 1002 1508 Paulum
1021 1476 1041 1508 a.
1060 1457 1092 1505 60
1110 1474 1124 1505 a
1141 1456 1214 1505 Festo

155 1549 258 1597 Romam
273 1547 372 1595 missum
390 1563 442 1595 esse
458 1552 595 1595 statuamus.

663 1723 722 1788 lb.

245 1877 306 1939 Quae
322 1877 402 1927 Paulo
419 1896 473 1928 enm
491 1879 563 1935 sqeiis
580 1879 605 1926 in
621 1876 667 1927 boe
683 1879 772 1927 itinere·
783 1874 927 1937 aediderunt,
950 1876 1030 1925 Lueas
1047 1877 1073 1924 in
1087 1874 1144 1925 Aet.
1162 1891 1214 1940 eap.

156 1964 188 2013 27
207 1971 230 2013 et
248 1964 282 2012 28
302 1962 400 2013 uberius
423 1965 540 2031 exposuit.
578 1964 713 2032 Naufragio
739 1963 768 2012 ad
790 1964 898 2014 Melitam
920 1963 1000 2025 facto,
1026 1965 1051 2010 in
1073 1961 1118 2010 bae
1136 1961 1215 2010 insula

154 2050 256 2099 hiemem
279 2048 457 2119 transegerunt,
478 2053 555 2117 primo
579 2058 656 2099 autem
674 2068 730 2099 vere
746 2051 799 2098 anni
816 2050 976 2117 insequentis,
999 2051 1016 2100 i.
1033 2066 1052 2099 e.
1078 2066 1108 2097 ex
1131 2055 1213 2096 nostra

156 2136 332 2202 computatione
354 2155 374 2186 a.
391 2138 438 2197 ol,
460 2136 485 2183 in
506 2134 600 2186 Italiam
623 2137 729 2200 devecti,
751 2137 851 2185 Romam
871 2136 967 2184 demum
984 2142 1157 2201 pervenerunt,
1171 2134 1214 2183 ubi

156 2225 264 2274 centurio
287 2225 392 2289 captivos
415 2223 528 2290 praefecto
549 2225 661 2289 praetorio
686 2224 733 2290 (τῷ
750 2218 951 2291 στρατοπεδάρχῃ)
968 2222 1068 2271 tradidit
1085 2221 1154 2285 [Aet.
1173 2222 1215 2284 28,

156 2311 216 2374 lo),
239 2327 286 2377 qua
304 2328 331 2359 re
348 2310 515 2371 confirmatur,
533 2328 603 2376 quam
621 2310 725 2375 amplexi
742 2311 834 2369 sumus,
851 2310 976 2361 sententia.
1012 2309 1074 2358 Erat
1091 2310 1154 2358 enim
1169 2308 1216 2359 boo

155 2405 262 2464 tempore
283 2414 333 2446 uon
355 2398 402 2445 nisi
421 2414 483 2444 unus
505 2396 630 2461 praefectus
647 2398 772 2463 pretorio,
788 2396 881 2443 Burrus
899 2395 1006 2458 seilicet,
1030 2414 1104 2462 quum
1122 2404 1176 2445 ante
1194 2406 1217 2446 et

155 2491 211 2550 post
228 2502 282 2533 eum
299 2483 350 2532 bini
368 2483 475 2549 praefecti
493 2491 583 2545 essent,
606 2492 752 2550 quapropter
769 2483 838 2532 etiam
854 2500 913 2531 usus
930 2482 1046 2549 loquendi
1065 2482 1171 2546 ferebat,
1190 2493 1217 2533 ut

155 2572 228 2620 vineti
242 2571 365 2637 prosectis
378 2556 443 2619 tradi
458 2570 594 2618 dicerentur
614 2571 645 2634 1).
679 2570 771 2620 Burrus
788 2576 875 2630 autem,
893 2577 920 2618 ut
936 2569 1010 2618 refert
1027 2570 1135 2631 Tacitus,
1149 2587 1170 2625 a.
1183 2570 1215 2618 62

155 2659 204 2706 vita
221 2658 354 2719 eoneessit,
376 2658 491 2706 incertum
508 2656 657 2718 valetudine,
679 2674 710 2706 an
733 2673 821 2706 veneno
840 2656 872 2720 ²).
913 2655 982 2704 Obiit
998 2663 1076 2704 autem
1095 2657 1115 2703 is
1133 2657 1215 2721 primis

157 2745 213 2792 anni
229 2743 359 2806 mensibus,
374 2743 467 2792 Paulus
485 2761 541 2793 vero
559 2761 607 2792 non
625 2743 806 2814 nisi‘aliquanto
824 2744 901 2792 serius
913 2743 1015 2792 Romam
1033 2743 1157 2808 pervenire
1172 2760 1216 2809 po-

155 2868 384 2881 ...-..------

202 2941 221 2987 0)
244 2938 293 2977 Bell.
306 2938 353 2978 aud.
365 2943 383 2987 6,
394 2942 412 2987 5,
425 2941 441 2977 3.
468 2938 509 2975 Cfr.
522 2939 588 2987 Anger
598 2950 642 2988 pag.
656 2941 690 2975 101
704 2951 746 2990 sqq.

202 3000 219 3046 ⁹)
241 3001 295 3039 ante.
307 3005 337 3047 20,
349 3007 367 3049 a,
380 3005 409 3042 11.

204 3065 219 3110 ι)
244 3062 495 3102 viat‘earsoniianrales
508 3062 623 3108 Paulini,in
635 3065 685 3114 Opp.
698 3063 806 3104 posthumis
819 3076 860 3113 pag.
875 3067 902 3102 18,
927 3065 993 3112 Anger
1005 3077 1046 3113 pag.
1061 3069 1101 3102 1⁰0.
1120 3076 1162 3113 sqq.

203 3127 221 3172 ²)
244 3126 288 3165 Tae.
301 3128 352 3164 Anu·
364 3127 376 3165 l,
391 3129 419 3165 14.
432 3139 448 3165 c.
460 3132 488 3164 51.
