<?xml version="1.0" encoding="UTF-8"?>
<!DOCTYPE html PUBLIC "-//W3C//DTD XHTML 1.0 Transitional//EN"
    "http://www.w3.org/TR/xhtml1/DTD/xhtml1-transitional.dtd">
<html xmlns="http://www.w3.org/1999/xhtml" xml:lang="en" lang="en">
 <head>
  <title>
</title>
<meta http-equiv="Content-Type" content="text/html;charset=utf-8" />
  <meta name='ocr-system' content='tesseract 3.04.00' />
  <meta name='ocr-capabilities' content='ocr_page ocr_carea ocr_par ocr_line ocrx_word'/>
</head>
<body>
  <div class='ocr_page' id='page_1' title='image "MN41481ucmf_0_0036.png"; bbox 0 0 2638 3685; ppageno 0'>
   <div class='ocr_carea' id='block_1_1' title="bbox 203 225 253 308">
    <p class='ocr_par' dir='ltr' id='par_1_1' title="bbox 203 225 253 308">
     <span class='ocr_line' id='line_1_1' title="bbox 203 225 253 308; baseline 0 0"><span class='ocrx_word' id='word_1_1' title='bbox 203 225 253 308; x_wconf 77' lang='lat'>14</span> 
     </span>
    </p>
   </div>
   <div class='ocr_carea' id='block_1_2' title="bbox 151 384 1276 1391">
    <p class='ocr_par' dir='ltr' id='par_1_2' title="bbox 151 384 1276 1391">
     <span class='ocr_line' id='line_1_2' title="bbox 162 384 1211 458; baseline -0.008 -17"><span class='ocrx_word' id='word_1_2' title='bbox 162 395 212 442; x_wconf 93' lang='lat' dir='ltr'>lum</span> <span class='ocrx_word' id='word_1_3' title='bbox 227 392 352 453; x_wconf 87' lang='lat' dir='ltr'>eeclesias,</span> <span class='ocrx_word' id='word_1_4' title='bbox 370 409 428 458; x_wconf 91' lang='lat' dir='ltr'>quas</span> <span class='ocrx_word' id='word_1_5' title='bbox 445 393 470 438; x_wconf 91' lang='lat' dir='ltr'>in</span> <span class='ocrx_word' id='word_1_6' title='bbox 487 391 611 455; x_wconf 77' lang='lat' dir='ltr'>Lycaonia</span> <span class='ocrx_word' id='word_1_7' title='bbox 629 395 651 437; x_wconf 89' lang='lat' dir='ltr'>et</span> <span class='ocrx_word' id='word_1_8' title='bbox 670 384 830 436; x_wconf 86' lang='lat' dir='ltr'>adiacentibus</span> <span class='ocrx_word' id='word_1_9' title='bbox 847 386 987 455; x_wconf 68' lang='lat' dir='ltr'>regionibus</span> <span class='ocrx_word' id='word_1_10' title='bbox 1005 386 1143 454; x_wconf 75' lang='lat' dir='ltr'>collegerat,</span> <span class='ocrx_word' id='word_1_11' title='bbox 1155 403 1211 434; x_wconf 86' lang='lat' dir='ltr'>una·</span> 
     </span>
     <span class='ocr_line' id='line_1_3' title="bbox 160 465 1212 546; baseline -0.009 -17"><span class='ocrx_word' id='word_1_12' title='bbox 160 465 214 530; x_wconf 88' lang='lat' dir='ltr'>eum</span> <span class='ocrx_word' id='word_1_13' title='bbox 236 481 280 539; x_wconf 90' lang='lat' dir='ltr'>iis,</span> <span class='ocrx_word' id='word_1_14' title='bbox 304 495 355 544; x_wconf 80' lang='lat' dir='ltr'>quae</span> <span class='ocrx_word' id='word_1_15' title='bbox 382 478 407 524; x_wconf 93' lang='lat' dir='ltr'>in</span> <span class='ocrx_word' id='word_1_16' title='bbox 430 478 526 541; x_wconf 79' lang='lat' dir='ltr'>proprie</span> <span class='ocrx_word' id='word_1_17' title='bbox 543 477 578 523; x_wconf 86' lang='lat' dir='ltr'>sie</span> <span class='ocrx_word' id='word_1_18' title='bbox 597 475 658 546; x_wconf 79' lang='lat' dir='ltr'>dieta</span> <span class='ocrx_word' id='word_1_19' title='bbox 676 472 783 522; x_wconf 77' lang='lat' dir='ltr'>Galatica</span> <span class='ocrx_word' id='word_1_20' title='bbox 800 480 862 523; x_wconf 92' lang='lat' dir='ltr'>terra</span> <span class='ocrx_word' id='word_1_21' title='bbox 880 474 1018 537; x_wconf 84' lang='lat' dir='ltr'>exstabant,</span> <span class='ocrx_word' id='word_1_22' title='bbox 1042 493 1090 523; x_wconf 91' lang='lat' dir='ltr'>uno</span> <span class='ocrx_word' id='word_1_23' title='bbox 1117 474 1212 522; x_wconf 88' lang='lat' dir='ltr'>nominc</span> 
     </span>
     <span class='ocr_line' id='line_1_4' title="bbox 160 560 1213 629; baseline -0.005 -17"><span class='ocrx_word' id='word_1_24' title='bbox 160 562 308 627; x_wconf 81' lang='lat' dir='ltr'>complexum</span> <span class='ocrx_word' id='word_1_25' title='bbox 322 571 386 622; x_wconf 87' lang='lat' dir='ltr'>esse,</span> <span class='ocrx_word' id='word_1_26' title='bbox 405 579 481 628; x_wconf 88' lang='lat' dir='ltr'>neque</span> <span class='ocrx_word' id='word_1_27' title='bbox 498 560 523 608; x_wconf 92' lang='lat' dir='ltr'>id</span> <span class='ocrx_word' id='word_1_28' title='bbox 541 563 593 611; x_wconf 89' lang='lat' dir='ltr'>sine</span> <span class='ocrx_word' id='word_1_29' title='bbox 611 565 670 611; x_wconf 88' lang='lat' dir='ltr'>iusta</span> <span class='ocrx_word' id='word_1_30' title='bbox 686 577 754 609; x_wconf 88' lang='lat' dir='ltr'>eausa</span> <span class='ocrx_word' id='word_1_31' title='bbox 772 560 850 611; x_wconf 80' lang='lat' dir='ltr'>faeere</span> <span class='ocrx_word' id='word_1_32' title='bbox 869 564 983 628; x_wconf 89' lang='lat' dir='ltr'>potuisse,</span> <span class='ocrx_word' id='word_1_33' title='bbox 1001 563 1114 629; x_wconf 89' lang='lat' dir='ltr'>quoniam</span> <span class='ocrx_word' id='word_1_34' title='bbox 1132 577 1213 609; x_wconf 90' lang='lat' dir='ltr'>omnes</span> 
     </span>
     <span class='ocr_line' id='line_1_5' title="bbox 158 646 1234 715; baseline -0.002 -19"><span class='ocrx_word' id='word_1_35' title='bbox 158 649 204 697; x_wconf 88' lang='lat' dir='ltr'>illae</span> <span class='ocrx_word' id='word_1_36' title='bbox 221 649 331 713; x_wconf 76' lang='lat' dir='ltr'>regiones</span> <span class='ocrx_word' id='word_1_37' title='bbox 354 646 398 696; x_wconf 86' lang='lat' dir='ltr'>suh</span> <span class='ocrx_word' id='word_1_38' title='bbox 416 646 523 713; x_wconf 75' lang='lat' dir='ltr'>Amynta</span> <span class='ocrx_word' id='word_1_39' title='bbox 547 666 601 698; x_wconf 90' lang='lat' dir='ltr'>eum</span> <span class='ocrx_word' id='word_1_40' title='bbox 622 648 714 715; x_wconf 87' lang='lat' dir='ltr'>Galatia</span> <span class='ocrx_word' id='word_1_41' title='bbox 730 648 755 695; x_wconf 91' lang='lat' dir='ltr'>in</span> <span class='ocrx_word' id='word_1_42' title='bbox 772 666 845 696; x_wconf 92' lang='lat' dir='ltr'>unum</span> <span class='ocrx_word' id='word_1_43' title='bbox 860 667 960 715; x_wconf 70' lang='lat' dir='ltr'>regnum</span> <span class='ocrx_word' id='word_1_44' title='bbox 978 649 1129 710; x_wconf 74' lang='lat' dir='ltr'>coaluerant,</span> <span class='ocrx_word' id='word_1_45' title='bbox 1148 646 1213 715; x_wconf 85' lang='lat' dir='ltr'>qnod</span> <span class='ocrx_word' id='word_1_46' title='bbox 1232 707 1234 710; x_wconf 11' lang='grc' dir='ltr'>ἡ</span> 
     </span>
     <span class='ocr_line' id='line_1_6' title="bbox 151 734 1214 802; baseline 0.003 -24"><span class='ocrx_word' id='word_1_47' title='bbox 151 741 253 801; x_wconf 80' lang='lat' dir='ltr'>postea,</span> <span class='ocrx_word' id='word_1_48' title='bbox 276 734 385 782; x_wconf 78' lang='lat' dir='ltr'>Romana</span> <span class='ocrx_word' id='word_1_49' title='bbox 408 735 530 798; x_wconf 85' lang='lat' dir='ltr'>provincia</span> <span class='ocrx_word' id='word_1_50' title='bbox 552 736 624 797; x_wconf 82' lang='lat' dir='ltr'>faeta,</span> <span class='ocrx_word' id='word_1_51' title='bbox 641 753 686 783; x_wconf 92' lang='lat' dir='ltr'>uno</span> <span class='ocrx_word' id='word_1_52' title='bbox 703 735 820 801; x_wconf 72' lang='lat' dir='ltr'>regimine</span> <span class='ocrx_word' id='word_1_53' title='bbox 836 734 1051 796; x_wconf 82' lang='lat' dir='ltr'>administrabatur,</span> <span class='ocrx_word' id='word_1_54' title='bbox 1069 742 1214 802; x_wconf 88' lang='lat' dir='ltr'>quapropter</span> 
     </span>
     <span class='ocr_line' id='line_1_7' title="bbox 160 820 1213 887; baseline -0.001 -18"><span class='ocrx_word' id='word_1_55' title='bbox 160 823 228 869; x_wconf 89' lang='lat' dir='ltr'>ctiam</span> <span class='ocrx_word' id='word_1_56' title='bbox 253 821 283 869; x_wconf 91' lang='lat' dir='ltr'>ab</span> <span class='ocrx_word' id='word_1_57' title='bbox 307 820 359 868; x_wconf 87' lang='lat' dir='ltr'>aliis</span> <span class='ocrx_word' id='word_1_58' title='bbox 381 820 477 869; x_wconf 89' lang='lat' dir='ltr'>illorum</span> <span class='ocrx_word' id='word_1_59' title='bbox 502 829 633 886; x_wconf 86' lang='lat' dir='ltr'>temporum</span> <span class='ocrx_word' id='word_1_60' title='bbox 650 820 803 885; x_wconf 76' lang='lat' dir='ltr'>scriptoribus</span> <span class='ocrx_word' id='word_1_61' title='bbox 824 829 873 870; x_wconf 82' lang='lat' dir='ltr'>tota</span> <span class='ocrx_word' id='word_1_62' title='bbox 900 822 949 872; x_wconf 87' lang='lat' dir='ltr'>haec</span> <span class='ocrx_word' id='word_1_63' title='bbox 966 823 1088 887; x_wconf 84' lang='lat' dir='ltr'>provincia</span> <span class='ocrx_word' id='word_1_64' title='bbox 1106 837 1154 869; x_wconf 91' lang='lat' dir='ltr'>uno</span> <span class='ocrx_word' id='word_1_65' title='bbox 1172 837 1213 868; x_wconf 90' lang='lat' dir='ltr'>no-</span> 
     </span>
     <span class='ocr_line' id='line_1_8' title="bbox 159 906 1213 973; baseline -0.001 -18"><span class='ocrx_word' id='word_1_66' title='bbox 159 910 222 957; x_wconf 89' lang='lat' dir='ltr'>mine</span> <span class='ocrx_word' id='word_1_67' title='bbox 240 906 341 956; x_wconf 85' lang='lat' dir='ltr'>Galatiae</span> <span class='ocrx_word' id='word_1_68' title='bbox 357 907 527 973; x_wconf 86' lang='lat' dir='ltr'>comprehensa</span> <span class='ocrx_word' id='word_1_69' title='bbox 545 915 587 958; x_wconf 89' lang='lat' dir='ltr'>est.</span> <span class='ocrx_word' id='word_1_70' title='bbox 628 909 685 956; x_wconf 71' lang='lat' dir='ltr'>Haec</span> <span class='ocrx_word' id='word_1_71' title='bbox 703 909 824 968; x_wconf 84' lang='lat' dir='ltr'>sententia,</span> <span class='ocrx_word' id='word_1_72' title='bbox 842 910 885 956; x_wconf 91' lang='lat' dir='ltr'>etsi</span> <span class='ocrx_word' id='word_1_73' title='bbox 903 908 1023 956; x_wconf 84' lang='lat' dir='ltr'>nonnullis</span> <span class='ocrx_word' id='word_1_74' title='bbox 1041 910 1097 956; x_wconf 88' lang='lat' dir='ltr'>viris</span> <span class='ocrx_word' id='word_1_75' title='bbox 1115 907 1213 954; x_wconf 89' lang='lat' dir='ltr'>eruditis</span> 
     </span>
     <span class='ocr_line' id='line_1_9' title="bbox 162 993 1214 1061; baseline -0.002 -20"><span class='ocrx_word' id='word_1_76' title='bbox 162 994 227 1042; x_wconf 91' lang='lat' dir='ltr'>haud</span> <span class='ocrx_word' id='word_1_77' title='bbox 247 993 382 1058; x_wconf 81' lang='lat' dir='ltr'>displicuit,</span> <span class='ocrx_word' id='word_1_78' title='bbox 406 1011 419 1041; x_wconf 89' lang='lat' dir='ltr'>a</span> <span class='ocrx_word' id='word_1_79' title='bbox 442 994 561 1061; x_wconf 87' lang='lat' dir='ltr'>plerisque</span> <span class='ocrx_word' id='word_1_80' title='bbox 585 997 720 1061; x_wconf 74' lang='lat' dir='ltr'>impugnata</span> <span class='ocrx_word' id='word_1_81' title='bbox 741 1000 791 1054; x_wconf 87' lang='lat' dir='ltr'>est,</span> <span class='ocrx_word' id='word_1_82' title='bbox 813 1011 944 1059; x_wconf 90' lang='lat' dir='ltr'>equorum</span> <span class='ocrx_word' id='word_1_83' title='bbox 962 1013 1061 1043; x_wconf 89' lang='lat' dir='ltr'>numero</span> <span class='ocrx_word' id='word_1_84' title='bbox 1075 993 1214 1042; x_wconf 66' lang='lat' dir='ltr'>‘Rtielsertus</span> 
     </span>
     <span class='ocr_line' id='line_1_10' title="bbox 159 1080 1214 1148; baseline -0.001 -20"><span class='ocrx_word' id='word_1_85' title='bbox 159 1081 210 1129; x_wconf 84' lang='lat' dir='ltr'>fere</span> <span class='ocrx_word' id='word_1_86' title='bbox 228 1080 294 1128; x_wconf 89' lang='lat' dir='ltr'>solus</span> <span class='ocrx_word' id='word_1_87' title='bbox 310 1098 360 1128; x_wconf 92' lang='lat' dir='ltr'>rem</span> <span class='ocrx_word' id='word_1_88' title='bbox 378 1084 524 1130; x_wconf 85' lang='lat' dir='ltr'>accuratiore</span> <span class='ocrx_word' id='word_1_89' title='bbox 540 1084 647 1130; x_wconf 86' lang='lat' dir='ltr'>examine</span> <span class='ocrx_word' id='word_1_90' title='bbox 664 1080 772 1147; x_wconf 71' lang='lat' dir='ltr'>dignatus</span> <span class='ocrx_word' id='word_1_91' title='bbox 791 1086 826 1127; x_wconf 90' lang='lat' dir='ltr'>est</span> <span class='ocrx_word' id='word_1_92' title='bbox 838 1080 871 1145; x_wconf 79' lang='lat'>2).</span> <span class='ocrx_word' id='word_1_93' title='bbox 913 1081 966 1131; x_wconf 81' lang='lat' dir='ltr'>Nos</span> <span class='ocrx_word' id='word_1_94' title='bbox 990 1099 1062 1142; x_wconf 85' lang='lat' dir='ltr'>vero,</span> <span class='ocrx_word' id='word_1_95' title='bbox 1082 1100 1155 1148; x_wconf 91' lang='lat' dir='ltr'>quum</span> <span class='ocrx_word' id='word_1_96' title='bbox 1171 1082 1214 1128; x_wconf 74' lang='lat' dir='ltr'>ite</span> 
     </span>
     <span class='ocr_line' id='line_1_11' title="bbox 161 1158 1215 1233; baseline -0.001 -18"><span class='ocrx_word' id='word_1_97' title='bbox 161 1186 215 1215; x_wconf 88' lang='lat' dir='ltr'>rum</span> <span class='ocrx_word' id='word_1_98' title='bbox 237 1167 339 1216; x_wconf 89' lang='lat' dir='ltr'>lectores</span> <span class='ocrx_word' id='word_1_99' title='bbox 361 1167 491 1232; x_wconf 83' lang='lat' dir='ltr'>prolixiore</span> <span class='ocrx_word' id='word_1_100' title='bbox 517 1167 674 1233; x_wconf 87' lang='lat' dir='ltr'>disputatione</span> <span class='ocrx_word' id='word_1_101' title='bbox 694 1158 793 1232; x_wconf 80' lang='lat' dir='ltr'>fatigare</span> <span class='ocrx_word' id='word_1_102' title='bbox 810 1184 858 1214; x_wconf 93' lang='lat' dir='ltr'>non</span> <span class='ocrx_word' id='word_1_103' title='bbox 875 1167 961 1233; x_wconf 89' lang='lat' dir='ltr'>placet,</span> <span class='ocrx_word' id='word_1_104' title='bbox 983 1167 1029 1216; x_wconf 86' lang='lat' dir='ltr'>boc</span> <span class='ocrx_word' id='word_1_105' title='bbox 1047 1169 1101 1217; x_wconf 86' lang='lat' dir='ltr'>loeo</span> <span class='ocrx_word' id='word_1_106' title='bbox 1121 1186 1147 1216; x_wconf 91' lang='lat' dir='ltr'>ea</span> <span class='ocrx_word' id='word_1_107' title='bbox 1166 1175 1215 1233; x_wconf 87' lang='lat' dir='ltr'>tan-</span> 
     </span>
     <span class='ocr_line' id='line_1_12' title="bbox 163 1253 1276 1321; baseline -0.001 -20"><span class='ocrx_word' id='word_1_108' title='bbox 163 1261 226 1316; x_wconf 89' lang='lat' dir='ltr'>tum,</span> <span class='ocrx_word' id='word_1_109' title='bbox 250 1272 303 1321; x_wconf 83' lang='lat' dir='ltr'>quae</span> <span class='ocrx_word' id='word_1_110' title='bbox 325 1254 356 1302; x_wconf 91' lang='lat' dir='ltr'>ad</span> <span class='ocrx_word' id='word_1_111' title='bbox 379 1256 530 1320; x_wconf 73' lang='lat' dir='ltr'>questionem</span> <span class='ocrx_word' id='word_1_112' title='bbox 552 1255 688 1304; x_wconf 87' lang='lat' dir='ltr'>solvendam</span> <span class='ocrx_word' id='word_1_113' title='bbox 704 1259 799 1305; x_wconf 88' lang='lat' dir='ltr'>maioris</span> <span class='ocrx_word' id='word_1_114' title='bbox 817 1272 867 1302; x_wconf 91' lang='lat' dir='ltr'>esse</span> <span class='ocrx_word' id='word_1_115' title='bbox 884 1256 997 1302; x_wconf 86' lang='lat' dir='ltr'>momenti</span> <span class='ocrx_word' id='word_1_116' title='bbox 1013 1258 1064 1303; x_wconf 84' lang='lat' dir='ltr'>uisa</span> <span class='ocrx_word' id='word_1_117' title='bbox 1080 1262 1148 1315; x_wconf 86' lang='lat' dir='ltr'>sunt,</span> <span class='ocrx_word' id='word_1_118' title='bbox 1175 1253 1215 1301; x_wconf 88' lang='lat' dir='ltr'>ad·</span> <span class='ocrx_word' id='word_1_119' title='bbox 1274 1259 1276 1261; x_wconf 78' lang='grc'>’</span> 
     </span>
     <span class='ocr_line' id='line_1_13' title="bbox 164 1341 277 1391; baseline 0.018 -3"><span class='ocrx_word' id='word_1_120' title='bbox 164 1341 277 1391; x_wconf 54' lang='lat' dir='ltr'>feremus,</span> 
     </span>
    </p>
   </div>
   <div class='ocr_carea' id='block_1_3' title="bbox 209 1425 1215 1499">
    <p class='ocr_par' dir='ltr' id='par_1_3' title="bbox 209 1425 1215 1499">
     <span class='ocr_line' id='line_1_14' title="bbox 209 1425 1215 1499; baseline -0.001 -24"><span class='ocrx_word' id='word_1_121' title='bbox 209 1471 211 1475; x_wconf 80' lang='grc'>,</span> <span class='ocrx_word' id='word_1_122' title='bbox 253 1425 352 1475; x_wconf 83' lang='lat' dir='ltr'>Constat</span> <span class='ocrx_word' id='word_1_123' title='bbox 369 1427 485 1475; x_wconf 79' lang='lat' dir='ltr'>exstitisse</span> <span class='ocrx_word' id='word_1_124' title='bbox 502 1429 526 1473; x_wconf 91' lang='lat' dir='ltr'>in</span> <span class='ocrx_word' id='word_1_125' title='bbox 544 1425 640 1476; x_wconf 89' lang='lat' dir='ltr'>Galatia</span> <span class='ocrx_word' id='word_1_126' title='bbox 657 1435 743 1490; x_wconf 87' lang='lat' dir='ltr'>coetus,</span> <span class='ocrx_word' id='word_1_127' title='bbox 758 1429 904 1476; x_wconf 89' lang='lat' dir='ltr'>institutione</span> <span class='ocrx_word' id='word_1_128' title='bbox 918 1427 990 1476; x_wconf 80' lang='lat' dir='ltr'>Pauli</span> <span class='ocrx_word' id='word_1_129' title='bbox 1008 1427 1038 1476; x_wconf 89' lang='lat' dir='ltr'>ad</span> <span class='ocrx_word' id='word_1_130' title='bbox 1055 1426 1132 1499; x_wconf 85' lang='lat' dir='ltr'>iidem</span> <span class='ocrx_word' id='word_1_131' title='bbox 1146 1425 1215 1475; x_wconf 79' lang='lat' dir='ltr'>Chri-</span> 
     </span>
    </p>
   </div>
   <div class='ocr_carea' id='block_1_4' title="bbox 153 1512 1220 2445">
    <p class='ocr_par' dir='ltr' id='par_1_4' title="bbox 153 1512 1220 2445">
     <span class='ocr_line' id='line_1_15' title="bbox 163 1512 1217 1581; baseline 0 -20"><span class='ocrx_word' id='word_1_132' title='bbox 163 1515 261 1562; x_wconf 88' lang='lat' dir='ltr'>stianam</span> <span class='ocrx_word' id='word_1_133' title='bbox 280 1513 464 1579; x_wconf 84' lang='lat' dir='ltr'>amplectendam</span> <span class='ocrx_word' id='word_1_134' title='bbox 482 1512 606 1575; x_wconf 85' lang='lat' dir='ltr'>adductos,</span> <span class='ocrx_word' id='word_1_135' title='bbox 622 1516 661 1581; x_wconf 92' lang='lat' dir='ltr'>qui</span> <span class='ocrx_word' id='word_1_136' title='bbox 679 1533 730 1563; x_wconf 89' lang='lat' dir='ltr'>cum</span> <span class='ocrx_word' id='word_1_137' title='bbox 747 1521 865 1580; x_wconf 89' lang='lat' dir='ltr'>tamquam</span> <span class='ocrx_word' id='word_1_138' title='bbox 883 1513 993 1579; x_wconf 68' lang='lat' dir='ltr'>angelum</span> <span class='ocrx_word' id='word_1_139' title='bbox 1010 1514 1079 1575; x_wconf 83' lang='lat' dir='ltr'>coeli,</span> <span class='ocrx_word' id='word_1_140' title='bbox 1096 1521 1217 1580; x_wconf 88' lang='lat' dir='ltr'>tamquam</span> 
     </span>
     <span class='ocr_line' id='line_1_16' title="bbox 164 1598 1217 1666; baseline 0 -18"><span class='ocrx_word' id='word_1_141' title='bbox 164 1602 241 1665; x_wconf 87' lang='lat' dir='ltr'>ipsum</span> <span class='ocrx_word' id='word_1_142' title='bbox 265 1598 385 1648; x_wconf 86' lang='lat' dir='ltr'>Christum</span> <span class='ocrx_word' id='word_1_143' title='bbox 408 1602 565 1665; x_wconf 77' lang='lat' dir='ltr'>recepissent,</span> <span class='ocrx_word' id='word_1_144' title='bbox 593 1602 618 1647; x_wconf 93' lang='lat' dir='ltr'>in</span> <span class='ocrx_word' id='word_1_145' title='bbox 640 1619 738 1666; x_wconf 89' lang='lat' dir='ltr'>quorum</span> <span class='ocrx_word' id='word_1_146' title='bbox 762 1603 854 1649; x_wconf 81' lang='lat' dir='ltr'>ciuitate</span> <span class='ocrx_word' id='word_1_147' title='bbox 881 1601 954 1648; x_wconf 90' lang='lat' dir='ltr'>multa</span> <span class='ocrx_word' id='word_1_148' title='bbox 982 1600 1043 1648; x_wconf 89' lang='lat' dir='ltr'>mala</span> <span class='ocrx_word' id='word_1_149' title='bbox 1067 1601 1217 1648; x_wconf 85' lang='lat' dir='ltr'>sustinuisset</span> 
     </span>
     <span class='ocr_line' id='line_1_17' title="bbox 153 1686 1216 1752; baseline -0.001 -17"><span class='ocrx_word' id='word_1_150' title='bbox 153 1686 233 1749; x_wconf 73' lang='lat' dir='ltr'>(Gal.</span> <span class='ocrx_word' id='word_1_151' title='bbox 258 1687 287 1747; x_wconf 74' lang='lat' dir='ltr'>d,</span> <span class='ocrx_word' id='word_1_152' title='bbox 310 1686 368 1751; x_wconf 75' lang='grc'>14),</span> <span class='ocrx_word' id='word_1_153' title='bbox 395 1689 437 1752; x_wconf 89' lang='lat' dir='ltr'>qui</span> <span class='ocrx_word' id='word_1_154' title='bbox 460 1693 483 1734; x_wconf 87' lang='lat' dir='ltr'>et</span> <span class='ocrx_word' id='word_1_155' title='bbox 506 1688 557 1752; x_wconf 89' lang='lat' dir='ltr'>ipsi</span> <span class='ocrx_word' id='word_1_156' title='bbox 577 1686 666 1735; x_wconf 82' lang='lat' dir='ltr'>Christi</span> <span class='ocrx_word' id='word_1_157' title='bbox 685 1705 754 1736; x_wconf 90' lang='lat' dir='ltr'>causa</span> <span class='ocrx_word' id='word_1_158' title='bbox 772 1687 845 1736; x_wconf 88' lang='lat' dir='ltr'>multa</span> <span class='ocrx_word' id='word_1_159' title='bbox 862 1688 968 1752; x_wconf 79' lang='lat' dir='ltr'>perpessi</span> <span class='ocrx_word' id='word_1_160' title='bbox 987 1695 1065 1734; x_wconf 88' lang='lat' dir='ltr'>essent</span> <span class='ocrx_word' id='word_1_161' title='bbox 1083 1687 1118 1752; x_wconf 83' lang='lat'>(3,</span> <span class='ocrx_word' id='word_1_162' title='bbox 1135 1687 1165 1751; x_wconf 81' lang='grc'>4)</span> <span class='ocrx_word' id='word_1_163' title='bbox 1185 1688 1216 1750; x_wconf 75' lang='lat'>3),</span> 
     </span>
     <span class='ocr_line' id='line_1_18' title="bbox 166 1773 1217 1840; baseline 0.001 -21"><span class='ocrx_word' id='word_1_164' title='bbox 166 1774 253 1840; x_wconf 85' lang='lat' dir='ltr'>quique</span> <span class='ocrx_word' id='word_1_165' title='bbox 279 1792 331 1822; x_wconf 87' lang='lat' dir='ltr'>cum</span> <span class='ocrx_word' id='word_1_166' title='bbox 355 1773 447 1834; x_wconf 86' lang='lat' dir='ltr'>Paulo,</span> <span class='ocrx_word' id='word_1_167' title='bbox 473 1781 500 1821; x_wconf 87' lang='lat' dir='ltr'>ut</span> <span class='ocrx_word' id='word_1_168' title='bbox 522 1792 535 1822; x_wconf 92' lang='lat' dir='ltr'>e</span> <span class='ocrx_word' id='word_1_169' title='bbox 556 1781 607 1821; x_wconf 87' lang='lat' dir='ltr'>tota</span> <span class='ocrx_word' id='word_1_170' title='bbox 625 1774 721 1839; x_wconf 88' lang='lat' dir='ltr'>epistola</span> <span class='ocrx_word' id='word_1_171' title='bbox 740 1773 829 1834; x_wconf 91' lang='lat' dir='ltr'>elueet,</span> <span class='ocrx_word' id='word_1_172' title='bbox 847 1775 929 1821; x_wconf 93' lang='lat' dir='ltr'>intimo</span> <span class='ocrx_word' id='word_1_173' title='bbox 947 1773 1144 1821; x_wconf 85' lang='lat' dir='ltr'>amorisvinenlo</span> <span class='ocrx_word' id='word_1_174' title='bbox 1162 1791 1217 1822; x_wconf 87' lang='lat' dir='ltr'>ecn-</span> 
     </span>
     <span class='ocr_line' id='line_1_19' title="bbox 165 1857 1217 1927; baseline 0 -20"><span class='ocrx_word' id='word_1_175' title='bbox 165 1861 239 1910; x_wconf 86' lang='lat' dir='ltr'>iunoti</span> <span class='ocrx_word' id='word_1_176' title='bbox 254 1868 330 1921; x_wconf 88' lang='lat' dir='ltr'>erant,</span> <span class='ocrx_word' id='word_1_177' title='bbox 346 1868 369 1908; x_wconf 91' lang='lat' dir='ltr'>et</span> <span class='ocrx_word' id='word_1_178' title='bbox 385 1859 448 1927; x_wconf 88' lang='lat' dir='ltr'>apud</span> <span class='ocrx_word' id='word_1_179' title='bbox 468 1878 527 1926; x_wconf 85' lang='lat' dir='ltr'>quos</span> <span class='ocrx_word' id='word_1_180' title='bbox 546 1878 636 1908; x_wconf 89' lang='lat' dir='ltr'>summa</span> <span class='ocrx_word' id='word_1_181' title='bbox 653 1862 790 1908; x_wconf 84' lang='lat' dir='ltr'>auctoritate</span> <span class='ocrx_word' id='word_1_182' title='bbox 807 1860 913 1924; x_wconf 89' lang='lat' dir='ltr'>polleret.</span> <span class='ocrx_word' id='word_1_183' title='bbox 947 1859 1005 1907; x_wconf 77' lang='lat' dir='ltr'>dam</span> <span class='ocrx_word' id='word_1_184' title='bbox 1023 1877 1087 1919; x_wconf 88' lang='lat' dir='ltr'>vera,</span> <span class='ocrx_word' id='word_1_185' title='bbox 1105 1861 1125 1907; x_wconf 95' lang='lat' dir='ltr'>si</span> <span class='ocrx_word' id='word_1_186' title='bbox 1146 1857 1217 1908; x_wconf 90' lang='lat' dir='ltr'>Gala-</span> 
     </span>
     <span class='ocr_line' id='line_1_20' title="bbox 165 1946 1220 2014; baseline 0.001 -20"><span class='ocrx_word' id='word_1_187' title='bbox 165 1948 221 1994; x_wconf 91' lang='lat' dir='ltr'>tiam</span> <span class='ocrx_word' id='word_1_188' title='bbox 238 1949 300 1995; x_wconf 89' lang='lat' dir='ltr'>intra</span> <span class='ocrx_word' id='word_1_189' title='bbox 317 1948 426 2014; x_wconf 87' lang='lat' dir='ltr'>antiquos</span> <span class='ocrx_word' id='word_1_190' title='bbox 444 1947 502 1995; x_wconf 84' lang='lat' dir='ltr'>fines</span> <span class='ocrx_word' id='word_1_191' title='bbox 521 1947 692 2013; x_wconf 75' lang='lat' dir='ltr'>restringimus,</span> <span class='ocrx_word' id='word_1_192' title='bbox 709 1949 750 2013; x_wconf 86' lang='lat' dir='ltr'>qui</span> <span class='ocrx_word' id='word_1_193' title='bbox 766 1946 801 2008; x_wconf 79' lang='lat' dir='ltr'>fit,</span> <span class='ocrx_word' id='word_1_194' title='bbox 826 1964 968 2012; x_wconf 73' lang='lat' dir='ltr'>quaesumus,</span> <span class='ocrx_word' id='word_1_195' title='bbox 985 1954 1012 1994; x_wconf 93' lang='lat' dir='ltr'>ut</span> <span class='ocrx_word' id='word_1_196' title='bbox 1029 1948 1054 1993; x_wconf 94' lang='lat' dir='ltr'>in</span> <span class='ocrx_word' id='word_1_197' title='bbox 1071 1953 1121 1994; x_wconf 87' lang='lat' dir='ltr'>toto</span> <span class='ocrx_word' id='word_1_198' title='bbox 1139 1947 1169 1998; x_wconf 63' lang='lat' dir='ltr'>ll.</span> <span class='ocrx_word' id='word_1_199' title='bbox 1188 1947 1220 1995; x_wconf 78' lang='grc' dir='ltr'>Τ.</span> 
     </span>
     <span class='ocr_line' id='line_1_21' title="bbox 166 2032 1219 2100; baseline 0 -20"><span class='ocrx_word' id='word_1_200' title='bbox 166 2051 196 2081; x_wconf 90' lang='lat' dir='ltr'>ne</span> <span class='ocrx_word' id='word_1_201' title='bbox 218 2035 339 2082; x_wconf 88' lang='lat' dir='ltr'>minimum</span> <span class='ocrx_word' id='word_1_202' title='bbox 363 2033 457 2100; x_wconf 90' lang='lat' dir='ltr'>quidem</span> <span class='ocrx_word' id='word_1_203' title='bbox 479 2035 605 2099; x_wconf 72' lang='lat' dir='ltr'>vestigium</span> <span class='ocrx_word' id='word_1_204' title='bbox 628 2032 737 2092; x_wconf 73' lang='lat' dir='ltr'>eeclesiae,</span> <span class='ocrx_word' id='word_1_205' title='bbox 754 2051 806 2100; x_wconf 89' lang='lat' dir='ltr'>quae</span> <span class='ocrx_word' id='word_1_206' title='bbox 824 2032 935 2098; x_wconf 66' lang='lat' dir='ltr'>Ancyrae,</span> <span class='ocrx_word' id='word_1_207' title='bbox 952 2032 1219 2093; x_wconf 63' lang='lat' dir='ltr'>Pessinuntafloraii,</span> 
     </span>
     <span class='ocr_line' id='line_1_22' title="bbox 167 2117 1219 2184; baseline -0.002 -17"><span class='ocrx_word' id='word_1_208' title='bbox 167 2121 246 2180; x_wconf 76' lang='lat' dir='ltr'>Tarii,</span> <span class='ocrx_word' id='word_1_209' title='bbox 262 2120 300 2167; x_wconf 85' lang='lat' dir='ltr'>uel</span> <span class='ocrx_word' id='word_1_210' title='bbox 317 2122 341 2167; x_wconf 91' lang='lat' dir='ltr'>in</span> <span class='ocrx_word' id='word_1_211' title='bbox 356 2119 405 2167; x_wconf 88' lang='lat' dir='ltr'>ulla</span> <span class='ocrx_word' id='word_1_212' title='bbox 423 2119 468 2168; x_wconf 91' lang='lat' dir='ltr'>alia</span> <span class='ocrx_word' id='word_1_213' title='bbox 483 2117 623 2168; x_wconf 75' lang='lat' dir='ltr'>Galatarum</span> <span class='ocrx_word' id='word_1_214' title='bbox 638 2119 695 2167; x_wconf 81' lang='lat' dir='ltr'>urhe</span> <span class='ocrx_word' id='word_1_215' title='bbox 711 2119 825 2181; x_wconf 87' lang='lat' dir='ltr'>floruerit,</span> <span class='ocrx_word' id='word_1_216' title='bbox 842 2120 991 2184; x_wconf 75' lang='lat' dir='ltr'>reperiatur?</span> <span class='ocrx_word' id='word_1_217' title='bbox 1009 2118 1123 2167; x_wconf 75' lang='lat' dir='ltr'>Galatiae</span> <span class='ocrx_word' id='word_1_218' title='bbox 1141 2121 1219 2184; x_wconf 73' lang='lat' dir='ltr'>regio-</span> 
     </span>
     <span class='ocr_line' id='line_1_23' title="bbox 168 2205 1219 2272; baseline 0.001 -20"><span class='ocrx_word' id='word_1_219' title='bbox 168 2208 205 2253; x_wconf 91' lang='lat' dir='ltr'>nis</span> <span class='ocrx_word' id='word_1_220' title='bbox 223 2205 289 2253; x_wconf 85' lang='lat' dir='ltr'>nulla</span> <span class='ocrx_word' id='word_1_221' title='bbox 306 2213 359 2252; x_wconf 90' lang='lat' dir='ltr'>ante</span> <span class='ocrx_word' id='word_1_222' title='bbox 378 2205 464 2253; x_wconf 88' lang='lat' dir='ltr'>diserta</span> <span class='ocrx_word' id='word_1_223' title='bbox 481 2205 508 2253; x_wconf 81' lang='lat' dir='ltr'>fit</span> <span class='ocrx_word' id='word_1_224' title='bbox 525 2207 613 2254; x_wconf 87' lang='lat' dir='ltr'>mentio</span> <span class='ocrx_word' id='word_1_225' title='bbox 632 2223 700 2270; x_wconf 87' lang='lat' dir='ltr'>quam</span> <span class='ocrx_word' id='word_1_226' title='bbox 717 2223 767 2271; x_wconf 87' lang='lat' dir='ltr'>cap.</span> <span class='ocrx_word' id='word_1_227' title='bbox 785 2207 825 2266; x_wconf 76' lang='lat' dir='ltr'>to,</span> <span class='ocrx_word' id='word_1_228' title='bbox 847 2205 889 2253; x_wconf 77' lang='lat' dir='ltr'>ulai</span> <span class='ocrx_word' id='word_1_229' title='bbox 905 2205 996 2265; x_wconf 77' lang='lat' dir='ltr'>Lucas,</span> <span class='ocrx_word' id='word_1_230' title='bbox 1011 2214 1138 2272; x_wconf 82' lang='lat' dir='ltr'>postquam</span> <span class='ocrx_word' id='word_1_231' title='bbox 1155 2206 1219 2253; x_wconf 87' lang='lat' dir='ltr'>Pau·</span> 
     </span>
     <span class='ocr_line' id='line_1_24' title="bbox 169 2278 1220 2358; baseline 0 -20"><span class='ocrx_word' id='word_1_232' title='bbox 169 2292 233 2351; x_wconf 90' lang='lat' dir='ltr'>lum,</span> <span class='ocrx_word' id='word_1_233' title='bbox 251 2294 316 2339; x_wconf 89' lang='lat' dir='ltr'>socio</span> <span class='ocrx_word' id='word_1_234' title='bbox 334 2291 441 2339; x_wconf 85' lang='lat' dir='ltr'>adsumto</span> <span class='ocrx_word' id='word_1_235' title='bbox 459 2278 569 2354; x_wconf 76' lang='lat' dir='ltr'>Siliano,</span> <span class='ocrx_word' id='word_1_236' title='bbox 594 2292 700 2357; x_wconf 66' lang='lat' dir='ltr'>Syriam,</span> <span class='ocrx_word' id='word_1_237' title='bbox 723 2292 846 2351; x_wconf 84' lang='lat' dir='ltr'>Ciliciam,</span> <span class='ocrx_word' id='word_1_238' title='bbox 868 2291 988 2357; x_wconf 64' lang='lat' dir='ltr'>trabesque</span> <span class='ocrx_word' id='word_1_239' title='bbox 1004 2292 1170 2358; x_wconf 63' lang='lat' dir='ltr'>Lyeaouicas,</span> <span class='ocrx_word' id='word_1_240' title='bbox 1195 2293 1220 2339; x_wconf 89' lang='lat' dir='ltr'>in</span> 
     </span>
     <span class='ocr_line' id='line_1_25' title="bbox 171 2367 1220 2445; baseline -0.004 -20"><span class='ocrx_word' id='word_1_241' title='bbox 171 2378 257 2443; x_wconf 88' lang='lat' dir='ltr'>quibus</span> <span class='ocrx_word' id='word_1_242' title='bbox 275 2384 343 2425; x_wconf 87' lang='lat' dir='ltr'>antea</span> <span class='ocrx_word' id='word_1_243' title='bbox 361 2379 507 2444; x_wconf 71' lang='lat' dir='ltr'>evangelium</span> <span class='ocrx_word' id='word_1_244' title='bbox 526 2378 713 2437; x_wconf 80' lang='lat' dir='ltr'>adnunciauerat,</span> <span class='ocrx_word' id='word_1_245' title='bbox 728 2395 867 2445; x_wconf 71' lang='lat' dir='ltr'>peragrasse</span> <span class='ocrx_word' id='word_1_246' title='bbox 884 2367 993 2437; x_wconf 89' lang='lat' dir='ltr'>narravit,</span> <span class='ocrx_word' id='word_1_247' title='bbox 1011 2378 1089 2425; x_wconf 83' lang='lat' dir='ltr'>addit:</span> <span class='ocrx_word' id='word_1_248' title='bbox 1112 2378 1220 2445; x_wconf 57' lang='grc' dir='ltr'>Λιῆλθω»</span> 
     </span>
    </p>
   </div>
   <div class='ocr_carea' id='block_1_5' title="bbox 171 2462 1220 2534">
    <p class='ocr_par' dir='ltr' id='par_1_5' title="bbox 171 2462 1220 2534">
     <span class='ocr_line' id='line_1_26' title="bbox 171 2462 1220 2534; baseline 0.002 -20"><span class='ocrx_word' id='word_1_249' title='bbox 171 2467 196 2514; x_wconf 76' lang='lat' dir='ltr'>dd</span> <span class='ocrx_word' id='word_1_250' title='bbox 212 2462 256 2531; x_wconf 65' lang='lat' dir='ltr'>raia</span> <span class='ocrx_word' id='word_1_251' title='bbox 273 2467 379 2532; x_wconf 72' lang='grc' dir='ltr'>Φρυγίαν</span> <span class='ocrx_word' id='word_1_252' title='bbox 399 2470 436 2515; x_wconf 79' lang='lat' dir='ltr'>eoi</span> <span class='ocrx_word' id='word_1_253' title='bbox 459 2464 501 2533; x_wconf 73' lang='grc' dir='ltr'>τήν</span> <span class='ocrx_word' id='word_1_254' title='bbox 524 2462 657 2532; x_wconf 74' lang='grc' dir='ltr'><em>Γαλατικήν</em></span> <span class='ocrx_word' id='word_1_255' title='bbox 674 2462 759 2534; x_wconf 71' lang='grc' dir='ltr'><strong><em>χώραν,</em></strong></span> <span class='ocrx_word' id='word_1_256' title='bbox 777 2468 920 2520; x_wconf 70' lang='grc' dir='ltr'><strong><em>κωλυθέντες</em></strong></span> <span class='ocrx_word' id='word_1_257' title='bbox 935 2463 982 2514; x_wconf 80' lang='lat' dir='ltr'>aiud</span> <span class='ocrx_word' id='word_1_258' title='bbox 999 2464 1043 2515; x_wconf 77' lang='grc' dir='ltr'>τοῦ</span> <span class='ocrx_word' id='word_1_259' title='bbox 1062 2465 1129 2528; x_wconf 74' lang='lat' dir='ltr'>tipice</span> <span class='ocrx_word' id='word_1_260' title='bbox 1147 2462 1220 2516; x_wconf 79' lang='lat' dir='ltr'>reueri-</span> 
     </span>
    </p>
   </div>
   <div class='ocr_carea' id='block_1_6' title="bbox 215 2656 1222 3150">
    <p class='ocr_par' dir='ltr' id='par_1_6' title="bbox 215 2656 1222 3088">
     <span class='ocr_line' id='line_1_27' title="bbox 215 2656 1221 2709; baseline 0.002 -16"><span class='ocrx_word' id='word_1_261' title='bbox 215 2661 230 2706; x_wconf 75' lang='lat'>²)</span> <span class='ocrx_word' id='word_1_262' title='bbox 254 2656 278 2694; x_wconf 90' lang='lat' dir='ltr'>In</span> <span class='ocrx_word' id='word_1_263' title='bbox 291 2670 357 2693; x_wconf 79' lang='lat' dir='ltr'>eonrm.</span> <span class='ocrx_word' id='word_1_264' title='bbox 369 2658 390 2693; x_wconf 92' lang='lat' dir='ltr'>in</span> <span class='ocrx_word' id='word_1_265' title='bbox 403 2670 430 2706; x_wconf 87' lang='lat' dir='ltr'>sp.</span> <span class='ocrx_word' id='word_1_266' title='bbox 447 2658 471 2694; x_wconf 90' lang='lat' dir='ltr'>ad</span> <span class='ocrx_word' id='word_1_267' title='bbox 483 2659 523 2697; x_wconf 89' lang='lat' dir='ltr'>Gal.</span> <span class='ocrx_word' id='word_1_268' title='bbox 537 2673 579 2709; x_wconf 74' lang='lat' dir='ltr'>pap,</span> <span class='ocrx_word' id='word_1_269' title='bbox 592 2663 627 2696; x_wconf 74' lang='lat'>296</span> <span class='ocrx_word' id='word_1_270' title='bbox 640 2671 678 2707; x_wconf 85' lang='lat' dir='ltr'>sqq.</span> <span class='ocrx_word' id='word_1_271' title='bbox 692 2665 712 2696; x_wconf 91' lang='lat' dir='ltr'>et</span> <span class='ocrx_word' id='word_1_272' title='bbox 723 2660 833 2708; x_wconf 64' lang='lat' dir='ltr'>inffltaqapiu</span> <span class='ocrx_word' id='word_1_273' title='bbox 846 2658 943 2705; x_wconf 58' lang='lat' dir='ltr'>{litteraria</span> <span class='ocrx_word' id='word_1_274' title='bbox 956 2659 1016 2702; x_wconf 64' lang='lat' dir='ltr'>talu.</span> <span class='ocrx_word' id='word_1_275' title='bbox 1029 2658 1043 2693; x_wconf 81' lang='grc' dir='ltr'>Ι.</span> <span class='ocrx_word' id='word_1_276' title='bbox 1057 2662 1079 2693; x_wconf 73' lang='lat'>97</span> <span class='ocrx_word' id='word_1_277' title='bbox 1089 2670 1129 2707; x_wconf 88' lang='lat' dir='ltr'>sqq.</span> <span class='ocrx_word' id='word_1_278' title='bbox 1153 2658 1221 2702; x_wconf 86' lang='lat' dir='ltr'>liIiror,</span> 
     </span>
     <span class='ocr_line' id='line_1_28' title="bbox 259 2720 1221 2769; baseline 0 -12"><span class='ocrx_word' id='word_1_279' title='bbox 259 2721 408 2757; x_wconf 81' lang='lat' dir='ltr'>Glslrausenium</span> <span class='ocrx_word' id='word_1_280' title='bbox 421 2722 537 2764; x_wconf 70' lang='lat' dir='ltr'>(tarraconae</span> <span class='ocrx_word' id='word_1_281' title='bbox 549 2724 588 2761; x_wconf 74' lang='lat' dir='ltr'>ittet</span> <span class='ocrx_word' id='word_1_282' title='bbox 601 2724 631 2759; x_wconf 73' lang='lat' dir='ltr'>baa</span> <span class='ocrx_word' id='word_1_283' title='bbox 644 2722 667 2760; x_wconf 71' lang='lat' dir='ltr'>tt.</span> <span class='ocrx_word' id='word_1_284' title='bbox 681 2724 700 2761; x_wconf 61' lang='grc' dir='ltr'>Ξ,</span> <span class='ocrx_word' id='word_1_285' title='bbox 712 2723 743 2761; x_wconf 76' lang='lat' dir='ltr'>lv,</span> <span class='ocrx_word' id='word_1_286' title='bbox 758 2727 784 2769; x_wconf 84' lang='grc'>5),</span> <span class='ocrx_word' id='word_1_287' title='bbox 803 2722 890 2756; x_wconf 87' lang='lat' dir='ltr'>adserere</span> <span class='ocrx_word' id='word_1_288' title='bbox 901 2720 994 2768; x_wconf 85' lang='lat' dir='ltr'>potuisse,</span> <span class='ocrx_word' id='word_1_289' title='bbox 1010 2720 1124 2756; x_wconf 84' lang='lat' dir='ltr'>sententiam</span> <span class='ocrx_word' id='word_1_290' title='bbox 1136 2727 1221 2758; x_wconf 83' lang='lat' dir='ltr'>nostram</span> 
     </span>
     <span class='ocr_line' id='line_1_29' title="bbox 257 2781 1220 2834; baseline 0.001 -14"><span class='ocrx_word' id='word_1_291' title='bbox 257 2797 268 2820; x_wconf 92' lang='lat' dir='ltr'>a</span> <span class='ocrx_word' id='word_1_292' title='bbox 284 2784 380 2820; x_wconf 81' lang='lat' dir='ltr'>Riiclaerto</span> <span class='ocrx_word' id='word_1_293' title='bbox 399 2783 456 2833; x_wconf 88' lang='lat' dir='ltr'>plane</span> <span class='ocrx_word' id='word_1_294' title='bbox 472 2785 590 2834; x_wconf 71' lang='lat' dir='ltr'>profligatam</span> <span class='ocrx_word' id='word_1_295' title='bbox 603 2795 655 2827; x_wconf 85' lang='lat' dir='ltr'>esse,</span> <span class='ocrx_word' id='word_1_296' title='bbox 670 2797 727 2833; x_wconf 81' lang='lat' dir='ltr'>qurum</span> <span class='ocrx_word' id='word_1_297' title='bbox 738 2785 779 2833; x_wconf 88' lang='lat' dir='ltr'>ipsc</span> <span class='ocrx_word' id='word_1_298' title='bbox 793 2784 912 2827; x_wconf 79' lang='lat' dir='ltr'>Riielaertus,</span> <span class='ocrx_word' id='word_1_299' title='bbox 924 2781 1030 2833; x_wconf 81' lang='lat' dir='ltr'>selibram</span> <span class='ocrx_word' id='word_1_300' title='bbox 1043 2789 1131 2820; x_wconf 86' lang='lat' dir='ltr'>nostrum</span> <span class='ocrx_word' id='word_1_301' title='bbox 1143 2798 1182 2821; x_wconf 93' lang='lat' dir='ltr'>non</span> <span class='ocrx_word' id='word_1_302' title='bbox 1194 2787 1220 2821; x_wconf 83' lang='lat' dir='ltr'>vi-</span> 
     </span>
     <span class='ocr_line' id='line_1_30' title="bbox 259 2834 1222 2897; baseline 0.004 -15"><span class='ocrx_word' id='word_1_303' title='bbox 259 2847 322 2896; x_wconf 75' lang='lat' dir='ltr'>disse,</span> <span class='ocrx_word' id='word_1_304' title='bbox 339 2847 427 2885; x_wconf 76' lang='lat' dir='ltr'>fateatur,</span> <span class='ocrx_word' id='word_1_305' title='bbox 457 2848 488 2884; x_wconf 79' lang='lat' dir='ltr'>Illi</span> <span class='ocrx_word' id='word_1_306' title='bbox 506 2861 548 2884; x_wconf 87' lang='lat' dir='ltr'>cum</span> <span class='ocrx_word' id='word_1_307' title='bbox 566 2848 658 2893; x_wconf 71' lang='lat' dir='ltr'>Bottqero</span> <span class='ocrx_word' id='word_1_308' title='bbox 677 2850 766 2896; x_wconf 62' lang='lat' dir='ltr'>(italicam</span> <span class='ocrx_word' id='word_1_309' title='bbox 783 2860 811 2897; x_wconf 75' lang='lat' dir='ltr'>pat</span> <span class='ocrx_word' id='word_1_310' title='bbox 830 2848 865 2894; x_wconf 65' lang='lat' dir='ltr'>ipit.</span> <span class='ocrx_word' id='word_1_311' title='bbox 881 2834 1058 2895; x_wconf 47' lang='lat' dir='ltr'>retentacula</span> <span class='ocrx_word' id='word_1_312' title='bbox 1070 2849 1094 2885; x_wconf 76' lang='lat' dir='ltr'>tir</span> <span class='ocrx_word' id='word_1_313' title='bbox 1107 2849 1222 2893; x_wconf 63' lang='lat' dir='ltr'>{itauluuisteu</span> 
     </span>
     <span class='ocr_line' id='line_1_31' title="bbox 256 2911 1222 2960; baseline -0.004 -12"><span class='ocrx_word' id='word_1_314' title='bbox 256 2912 315 2957; x_wconf 53' lang='lat' dir='ltr'>alticio</span> <span class='ocrx_word' id='word_1_315' title='bbox 331 2911 383 2957; x_wconf 66' lang='lat' dir='ltr'>lilii).</span> <span class='ocrx_word' id='word_1_316' title='bbox 397 2913 405 2946; x_wconf 88' lang='lat'><strong>1</strong></span> <span class='ocrx_word' id='word_1_317' title='bbox 418 2922 435 2947; x_wconf 85' lang='lat' dir='ltr'>u.</span> <span class='ocrx_word' id='word_1_318' title='bbox 447 2913 466 2956; x_wconf 78' lang='grc'>3)</span> <span class='ocrx_word' id='word_1_319' title='bbox 484 2911 563 2960; x_wconf 87' lang='lat' dir='ltr'>aliisque</span> <span class='ocrx_word' id='word_1_320' title='bbox 576 2922 608 2947; x_wconf 80' lang='lat' dir='ltr'>res</span> <span class='ocrx_word' id='word_1_321' title='bbox 621 2914 655 2956; x_wconf 81' lang='lat' dir='ltr'>cst,</span> <span class='ocrx_word' id='word_1_322' title='bbox 673 2911 710 2959; x_wconf 82' lang='lat' dir='ltr'>qui,</span> <span class='ocrx_word' id='word_1_323' title='bbox 728 2913 763 2947; x_wconf 88' lang='lat' dir='ltr'>etsi</span> <span class='ocrx_word' id='word_1_324' title='bbox 775 2923 842 2958; x_wconf 70' lang='lat' dir='ltr'>magna</span> <span class='ocrx_word' id='word_1_325' title='bbox 855 2921 877 2945; x_wconf 84' lang='lat' dir='ltr'>cx</span> <span class='ocrx_word' id='word_1_326' title='bbox 889 2914 943 2957; x_wconf 88' lang='lat' dir='ltr'>parte</span> <span class='ocrx_word' id='word_1_327' title='bbox 954 2911 1026 2946; x_wconf 84' lang='lat' dir='ltr'>nostris</span> <span class='ocrx_word' id='word_1_328' title='bbox 1039 2913 1155 2959; x_wconf 66' lang='lat' dir='ltr'>argumentis</span> <span class='ocrx_word' id='word_1_329' title='bbox 1167 2913 1222 2947; x_wconf 86' lang='lat' dir='ltr'>ulun-</span> 
     </span>
     <span class='ocr_line' id='line_1_32' title="bbox 257 2964 1222 3022; baseline 0.003 -13"><span class='ocrx_word' id='word_1_330' title='bbox 257 2979 296 3016; x_wconf 83' lang='lat' dir='ltr'>tur,</span> <span class='ocrx_word' id='word_1_331' title='bbox 307 2973 367 3008; x_wconf 89' lang='lat' dir='ltr'>multa</span> <span class='ocrx_word' id='word_1_332' title='bbox 380 2977 443 3008; x_wconf 89' lang='lat' dir='ltr'>tamen</span> <span class='ocrx_word' id='word_1_333' title='bbox 454 2973 583 3021; x_wconf 70' lang='lat' dir='ltr'>neglexerunt,</span> <span class='ocrx_word' id='word_1_334' title='bbox 595 2979 615 3010; x_wconf 84' lang='lat' dir='ltr'>et</span> <span class='ocrx_word' id='word_1_335' title='bbox 627 2985 668 3022; x_wconf 79' lang='lat' dir='ltr'>qum</span> <span class='ocrx_word' id='word_1_336' title='bbox 681 2975 703 3010; x_wconf 89' lang='lat' dir='ltr'>de</span> <span class='ocrx_word' id='word_1_337' title='bbox 715 2987 748 3011; x_wconf 88' lang='lat' dir='ltr'>suo</span> <span class='ocrx_word' id='word_1_338' title='bbox 759 2974 874 3017; x_wconf 84' lang='lat' dir='ltr'>adiecerunt,</span> <span class='ocrx_word' id='word_1_339' title='bbox 887 2985 908 3008; x_wconf 90' lang='lat' dir='ltr'>ea</span> <span class='ocrx_word' id='word_1_340' title='bbox 920 2985 959 3008; x_wconf 90' lang='lat' dir='ltr'>non</span> <span class='ocrx_word' id='word_1_341' title='bbox 973 2978 1038 3010; x_wconf 90' lang='lat' dir='ltr'>nostra</span> <span class='ocrx_word' id='word_1_342' title='bbox 1047 2974 1133 3014; x_wconf 77' lang='lat' dir='ltr'>lauimus</span> <span class='ocrx_word' id='word_1_343' title='bbox 1165 2964 1222 3020; x_wconf 81' lang='lat' dir='ltr'>Quod</span> 
     </span>
     <span class='ocr_line' id='line_1_33' title="bbox 259 3036 1098 3088; baseline 0.006 -17"><span class='ocrx_word' id='word_1_344' title='bbox 259 3036 327 3071; x_wconf 85' lang='lat' dir='ltr'>obiicit</span> <span class='ocrx_word' id='word_1_345' title='bbox 337 3036 425 3083; x_wconf 75' lang='lat' dir='ltr'>Anqerurs</span> <span class='ocrx_word' id='word_1_346' title='bbox 437 3036 459 3081; x_wconf 77' lang='lat' dir='ltr'>(l.</span> <span class='ocrx_word' id='word_1_347' title='bbox 471 3049 486 3075; x_wconf 78' lang='lat' dir='ltr'>e,</span> <span class='ocrx_word' id='word_1_348' title='bbox 498 3050 539 3086; x_wconf 75' lang='lat' dir='ltr'>pap.</span> <span class='ocrx_word' id='word_1_349' title='bbox 553 3040 603 3084; x_wconf 82' lang='grc'>135),</span> <span class='ocrx_word' id='word_1_350' title='bbox 615 3036 636 3072; x_wconf 91' lang='lat' dir='ltr'>id</span> <span class='ocrx_word' id='word_1_351' title='bbox 648 3048 682 3072; x_wconf 92' lang='lat' dir='ltr'>nos</span> <span class='ocrx_word' id='word_1_352' title='bbox 694 3050 733 3073; x_wconf 91' lang='lat' dir='ltr'>non</span> <span class='ocrx_word' id='word_1_353' title='bbox 748 3042 831 3085; x_wconf 66' lang='lat' dir='ltr'>tangere,</span> <span class='ocrx_word' id='word_1_354' title='bbox 847 3049 869 3073; x_wconf 87' lang='lat' dir='ltr'>ex</span> <span class='ocrx_word' id='word_1_355' title='bbox 882 3037 1007 3086; x_wconf 87' lang='lat' dir='ltr'>sequentihus</span> <span class='ocrx_word' id='word_1_356' title='bbox 1020 3038 1098 3088; x_wconf 81' lang='lat' dir='ltr'>patebit.</span> 
     </span>
    </p>

    <p class='ocr_par' dir='ltr' id='par_1_7' title="bbox 217 3097 925 3150">
     <span class='ocr_line' id='line_1_34' title="bbox 217 3097 925 3150; baseline 0.001 -16"><span class='ocrx_word' id='word_1_357' title='bbox 217 3102 234 3145; x_wconf 74' lang='lat'>³)</span> <span class='ocrx_word' id='word_1_358' title='bbox 257 3099 287 3134; x_wconf 88' lang='lat' dir='ltr'>De</span> <span class='ocrx_word' id='word_1_359' title='bbox 301 3109 358 3134; x_wconf 85' lang='lat' dir='ltr'>sensu</span> <span class='ocrx_word' id='word_1_360' title='bbox 370 3097 438 3134; x_wconf 87' lang='lat' dir='ltr'>horum</span> <span class='ocrx_word' id='word_1_361' title='bbox 449 3098 534 3136; x_wconf 85' lang='lat' dir='ltr'>locorum</span> <span class='ocrx_word' id='word_1_362' title='bbox 546 3101 584 3139; x_wconf 89' lang='lat' dir='ltr'>vid.</span> <span class='ocrx_word' id='word_1_363' title='bbox 597 3101 624 3138; x_wconf 79' lang='lat' dir='ltr'>aa</span> <span class='ocrx_word' id='word_1_364' title='bbox 638 3100 685 3147; x_wconf 59' lang='lat' dir='ltr'>lsrael.</span> <span class='ocrx_word' id='word_1_365' title='bbox 698 3101 782 3147; x_wconf 61' lang='lat' dir='ltr'>&amp;titillata</span> <span class='ocrx_word' id='word_1_366' title='bbox 794 3112 836 3149; x_wconf 72' lang='lat' dir='ltr'>pag.</span> <span class='ocrx_word' id='word_1_367' title='bbox 848 3103 870 3136; x_wconf 77' lang='lat'>67</span> <span class='ocrx_word' id='word_1_368' title='bbox 883 3112 925 3150; x_wconf 88' lang='lat' dir='ltr'>sqq.</span> 
     </span>
    </p>
   </div>
   <div class='ocr_carea' id='block_1_7' title="bbox 0 0 1342 3685">
    <p class='ocr_par' dir='ltr' id='par_1_8' title="bbox 0 0 1342 3685">
     <span class='ocr_line' id='line_1_35' title="bbox 0 0 1342 3685; baseline 0 0"><span class='ocrx_word' id='word_1_369' title='bbox 0 0 1342 3685; x_wconf 95' lang='lat' dir='ltr'> </span> 
     </span>
    </p>
   </div>
  </div>
 </body>
</html>
