2696 3618
1114 150 1138 213 7

125 312 224 363 dicentis
244 319 267 360 et
284 330 335 379 quae
351 315 475 380 insequuta
493 320 547 361 sunt
567 316 630 377 (cap.
651 308 676 369 3,
694 308 731 371 4),
752 311 900 374 punitionem
918 309 1022 359 Ananim
1039 319 1062 360 et
1080 310 1183 379 Sapphi-

124 416 164 459 rae,
181 399 265 464 populi
282 399 312 447 ad
321 399 454 464 Apostolos
472 398 615 460 confluxum,
632 396 719 445 horum
729 395 753 441 in
762 415 879 448 carcerem
889 399 1064 450 eonieetionem
1073 403 1138 467 [cap.
1145 401 1183 465 5),

124 484 249 533 adauctum
267 503 390 533 numerum
406 502 551 550 pauperum,
574 487 606 533 ita
623 490 650 531 ut
666 479 698 529 ad
715 480 759 529 hes
776 481 892 557 eurapdos
908 487 1046 552 septemviri
1065 486 1183 554 eligeren-

124 579 171 632 tur,
188 570 309 639 Stephani
322 572 492 619 increscentem
508 570 602 631 famam,
619 555 805 635 indignationem
818 589 953 646 procerum,
972 575 1073 641 eiusque
1088 573 1182 641 lapida-

123 659 212 706 tionem
230 660 296 724 (cap.
313 657 336 706 6.
354 657 391 721 7),
408 664 490 723 postea
507 657 695 721 persecutionem
713 656 852 718 saevientem,
874 658 1046 724 discipulorum
1060 662 1086 708 in
1103 663 1181 710 varias

124 746 234 811 regiones
253 743 438 811 dispersionem,
460 743 624 791 fundationem
640 740 746 790 ecclesie
762 741 928 805 Samaritanae,
949 745 1018 793 d’etri
1037 753 1060 794 et
1077 746 1181 797 Joannis

123 832 149 878 in
169 830 231 879 hene
252 831 336 879 urbem
359 831 528 896 prosectionem
552 833 614 894 [eap.
632 828 673 892 8):
699 827 769 876 facile
785 829 916 890 eoncedeS,
940 829 991 880 haee
1016 830 1096 881 emnia
1118 836 1180 882 intra

123 917 182 965 fines
213 918 283 966 nnius
310 917 347 966 vel
377 917 477 966 duorum
499 934 615 966 annerum
638 932 687 963 non
709 932 779 980 posse
805 915 949 967 intercludi..
986 918 1072 985 Neque
1093 920 1119 968 in
1143 920 1180 968 his

123 1004 249 1052 narrandis
267 1005 363 1053 festinat
379 1004 466 1064 Lucas,
483 1002 533 1064 sed,
551 1011 577 1050 ut
594 1003 651 1051 seite
664 1000 774 1050 observat
790 1001 966 1069 Guldhergius,
981 1005 1007 1067 7)
1024 1011 1080 1068 post
1096 1023 1180 1054 unum-

124 1108 242 1158 quemque
259 1091 310 1139 fere
328 1098 434 1139 eventum
451 1089 599 1138 intervallum
618 1088 716 1156 aliquod
734 1089 831 1139 iudicat,
844 1089 881 1152 (2,
899 1089 1009 1137 42-47.
1031 1092 1056 1151 4,
1073 1090 1182 1142 32—36.

124 1178 148 1237 5,
166 1177 273 1226 11-16.
288 1178 312 1239 6,
336 1176 372 1240 7),
395 1180 420 1226 in
442 1193 490 1244 que
510 1178 654 1224 incrementa
677 1175 767 1242 ceperit
787 1183 809 1224 et
831 1176 925 1224 firmata
941 1178 973 1225 sit
990 1195 1029 1225 res
1047 1177 1182 1229 christiana.
1254 1241 1256 1244 ι

124 1264 185 1312 dure
202 1266 275 1331 igitur
292 1271 373 1313 nostre
391 1271 493 1314 statuere
510 1262 605 1323 licebit,
628 1261 645 1308 tl
666 1279 741 1310 annes
754 1262 815 1312 hisee
831 1262 901 1310 factis
919 1264 1031 1328 impletos
1050 1281 1116 1327 esse,
1141 1283 1182 1315 ne·

124 1369 178 1418 que,
195 1353 216 1399 si
234 1351 357 1401 adscensio
370 1352 468 1399 Domini
486 1369 506 1399 a.
523 1348 555 1395 29
571 1348 651 1396 lecum
668 1347 783 1410 hahuerit,
801 1348 932 1416 quidquam
950 1349 1056 1413 ehstare,
1075 1371 1123 1419 que
1141 1356 1183 1402 mi-

101 1478 104 1482 .
124 1456 168 1486 nus
186 1440 363 1487 conversionem
379 1437 451 1486 Pauli
468 1436 498 1484 acl
516 1453 602 1483 annum
620 1434 652 1482 33
670 1435 805 1484 reseramus.

638 1603 670 1667 5.

828 1691 829 1711 l

212 1731 272 1792 Quae
296 1731 375 1779 Paulo
397 1731 422 1778 in
444 1730 527 1777 itinere
550 1746 624 1795 prope
640 1728 782 1778 Damascum
800 1728 950 1790 aeciderunt,
967 1729 1049 1779 Lucas
1067 1734 1092 1779 in
1109 1734 1180 1784 Aetis

124 1819 148 1879 9,
167 1819 182 1866 3
200 1836 252 1885 sqq.
272 1819 362 1884 etipse
379 1816 470 1865 Paulus
486 1814 625 1876 Aet.22,li
643 1834 696 1883 sqq.
715 1824 738 1865 et
754 1816 792 1876 26,
810 1815 842 1862 12
860 1832 913 1881 sqq.
934 1816 957 1879 1)
976 1818 1091 1871 referunt.
1127 1820 1180 1869 Ad-

124 1906 158 1954 dit
173 1905 253 1955 Lueas
271 1923 306 1952 vv.
322 1904 360 1954 le.
379 1903 419 1964 20,
443 1902 545 1950 Paulum
563 1920 616 1952 cum
634 1902 757 1970 discipulis
773 1909 889 1969 versatum
906 1902 981 1951 titisse
999 1905 1088 1972 ἡμέρας
1105 1906 1180 1968 τινάς,

123 2000 147 2041 et
164 1993 241 2040 statim
259 1990 345 2039 desum
362 1990 438 2038 filium
457 2006 507 2037 esse
524 1988 571 2037 Dei
589 1989 739 2054 praedicasse,
760 1995 840 2056 postea
858 2005 915 2036 vero
932 2008 954 2037 v.
971 1991 1013 2052 22,
1033 1983 1087 2040 enm
1104 1996 1181 2061 magis
1254 1992 1255 1996 ’

123 2079 250 2127 invaluisse
267 2076 416 2143 Judaeesqne
436 2076 583 2136 confutasse,
605 2083 627 2125 et
643 2076 740 2126 tandem
755 2096 776 2129 r.
790 2075 835 2123 23:
852 2074 899 2145 ’.Ως
918 2077 945 2127 d'e'l
961 2078 1103 2146 ἐπληροῦντο
1121 2082 1182 2149 ἡμέ-

123 2188 163 2231 ραν
181 2167 268 2224 ἱκαναί,
292 2161 504 2230 σννεβονλεῦσανιο
521 2171 544 2214 οἱ
558 2163 671 2216 'Ieedeiee
688 2163 775 2215 deeielr
791 2160 871 2235 adedo.
907 2162 1028 2228 Adparet,
1051 2166 1114 2214 inter
1128 2168 1182 2216 illas

123 2255 210 2321 ἡμέρας
226 2248 299 2308 λτινάς
321 2258 344 2299 et
366 2250 409 2298 has
432 2250 518 2319 ἡμέρας
540 2248 620 2306 ἱκανάς
637 2252 800 2316 interpositum
817 2248 891 2324 luisse
908 2257 1004 2316 tempus
1022 2251 1137 2319 aliquod,
1159 2262 1183 2304 et

124 2339 220 2407 qnidem
237 2340 269 2386 ita
286 2338 398 2404 lengum,
420 2338 488 2386 utin
506 2354 534 2385 ee
553 2336 582 2385 ad
601 2336 782 2403 disputationem
799 2354 853 2385 cerm
870 2336 967 2385 «Iudeis
984 2340 1061 2405 magis
1079 2340 1181 2391 idonens

123 2426 264 2474 redderetur
276 2424 374 2473 Paulus.
409 2425 465 2486 Quo
478 2423 549 2472 mode
560 2423 606 2471 hoe
622 2431 716 2490 tempus
732 2424 879 2498 transegerit,
897 2427 1116 2488 nesciremus,nisi
1131 2431 1182 2494 ipse

96 2512 103 2523 ”
125 2514 179 2565 Gal.
197 2513 227 2575 1,
244 2512 283 2563 16.
302 2511 332 2560 lt
351 2528 395 2560 nes
413 2512 520 2571 doceret,
543 2528 568 2558 se
591 2527 639 2558 nen
656 2509 764 2560 hemines
779 2511 803 2557 in
821 2510 949 2559 eonsilium
965 2512 1118 2576 adhibuisse,
1139 2514 1181 2562 scd

170 2708 184 2752 ⁷)
208 2707 355 2754 titetehenmetlr
368 2708 392 2745 6.
405 2710 433 2744 50.
459 2705 499 2744 Gfr.
512 2707 576 2753 Anger
587 2706 600 2744 l.
614 2716 630 2742 e.
645 2717 687 2754 pag.
701 2711 741 2743 tet.

171 2779 186 2822 ¹]
210 2777 267 2813 Locis
279 2776 347 2813 adlatis
359 2772 410 2814 haud
422 2775 486 2819 dubie,
498 2787 537 2811 nen
548 2775 625 2817 Lucam,
637 2776 671 2812 sed
683 2776 746 2826 ipsum
753 2773 830 2812 Paulum
842 2773 935 2811 hahemus
949 2777 1071 2826 loquentcm3
1085 2790 1181 2814 sermones

213 2840 264 2875 enim
275 2840 342 2883 Pauli,
359 2840 392 2889 qui
410 2840 430 2874 in
447 2839 501 2874 netis
513 2838 609 2885 leguntur,
621 2838 678 2886 lenge
688 2841 747 2877 alinm
759 2839 886 2875 characterem
898 2838 978 2886 reterre,
992 2853 1049 2888 quam
1061 2841 1099 2877 illae
1112 2842 1181 2877 eratio-

211 2913 253 2944 nes,
271 2915 312 2951 quee
325 2903 375 2951 apud
387 2903 489 2950 scriptores
501 2900 626 2936 historiarum
638 2901 715 2940 Graeees
729 2908 747 2939 et
759 2903 852 2938 Romanos
864 2902 996 2949 reperiuntur,
1009 2903 1032 2938 ab
1045 2904 1093 2952 ipsis
1105 2916 1181 2952 compo-

213 2965 260 3010 sita,
273 2966 344 3013 optime
357 2964 465 3001 observarit
478 2962 670 3004 Schleiemmeherus.
695 2969 747 3007 ttetrr
758 2969 786 3005 ben
799 2965 857 3011 tugen.
870 2965 920 3010 triten
933 2966 985 3012 tinet
997 2969 1025 3004 teo
1034 2967 1102 3013 tientes
1116 2980 1138 3006 ec
1152 2970 1182 3004 ten

212 3029 308 3076 ῒῖίιηνέῡιιι
321 3029 345 3066 Ε.
359 3032 387 3066 20.
