2638 3685
1099 232 1156 305 27

645 407 704 473 ll.

227 519 327 581 Paulus,
345 538 426 586 quum,
445 528 471 568 ut
488 526 569 568 nostra
586 521 668 585 opinio
687 518 742 580 fert,
759 520 823 569 circa
841 498 928 568 festum
946 517 1102 568 Pentecostes
1120 535 1141 566 a.
1158 516 1199 578 58,

138 605 332 672 Hierosolymam
350 605 489 668 advenisset,
506 613 561 670 post
577 624 665 671 paucos
682 604 742 667 dies,
757 606 857 654 tumultu
875 612 966 666 exorto,
984 623 997 653 a
1014 605 1097 654 furore
1115 604 1200 670 populi

139 694 180 740 vix
203 709 231 740 ac
254 709 284 740 ne
308 693 349 740 rix
370 690 466 758 quidem
489 708 532 756 per
552 692 639 741 milites
663 692 768 756 cripitur,
797 693 937 760 vinctusque
950 693 982 739 'in
1006 709 1083 742 arcem
1102 690 1199 740 ducitur

140 778 209 842 (Act.
228 779 274 840 21,
296 777 328 825 27
346 781 414 844 sqq),
435 793 492 825 mox
507 794 562 826 vero
581 777 715 827 Caesaream
733 777 761 825 ad
778 778 883 827 Felicem
899 786 1079 844 procuratorem
1096 779 1197 826 mittitur

141 866 196 930 (23,
214 865 268 929 24].
302 862 442 913 Accusabat
459 880 512 912 eum
529 863 651 927 Ananias,
674 863 784 914 sacerdos
803 882 917 926 summus,
934 882 986 914 cum
1004 863 1140 913 senioribus
1156 881 1196 913 co·

98 1007 99 1011 Ἰ
141 970 191 1002 ram
208 957 372 1017 procuratore,
390 951 501 1016 quicum
519 951 597 1011 etiam,
620 958 735 1017 praesente
757 968 832 999 uxore
848 950 964 1011 Drusilla,
988 950 1083 1011 dudeco,
1108 952 1196 999 exami-

141 1040 228 1108 nabat,
251 1045 275 1086 et
298 1040 385 1102 saepius
405 1054 458 1085 cum
482 1054 510 1084 eo
528 1037 725 1097 conversabatur,
747 1036 805 1084 nibil
823 1038 941 1084 antemio
958 1038 1009 1084 eius
1026 1055 1096 1087 causa
1115 1036 1196 1086 decerss,

142 1109 216 1188 nens,
240 1143 293 1172 cum
316 1126 359 1189 per
380 1123 501 1171 biennium
517 1122 630 1171 Gaesareae
648 1125 674 1171 in
691 1124 805 1184 custodia,
824 1124 867 1171 etsi
885 1123 984 1183 leuiore,
1000 1124 1104 1172 retinuit.
1139 1123 1197 1171 Hoc

141 1222 249 1278 tempore
267 1211 356 1276 clapso,
373 1209 470 1258 Festum
488 1226 650 1259 successorem
667 1217 749 1260 nactus
767 1218 802 1258 est
817 1209 902 1270 Felix,
925 1208 1076 1275 Paulumque
1092 1210 1198 1257 vinctum

140 1300 239 1366 ‘reliquit
264 1302 296 1362 [v.
318 1295 447 1360 23-37).
492 1295 583 1344 Paulus
608 1304 698 1358 autem,
725 1315 795 1364 quum
817 1296 887 1343 ctiam
911 1312 991 1343 coram
1009 1296 1082 1344 Festo
1102 1312 1198 1343 causam

131 1389 252 1446 ¹¹diuisset,
270 1390 445 1448 verereturquc,
460 1399 490 1430 ne
507 1381 701 1449 Hierosolymam
719 1383 856 1443 mitteretur,
875 1381 906 1429 ad
925 1381 1044 1431 Caesarem
1059 1382 1199 1448 provocavit

143 1475 198 1538 (⁶25,
216 1474 268 1536 lt).
315 1470 389 1531 Hinc,
412 1468 467 1516 data
490 1475 558 1516 autea
581 1468 698 1536 Agrippa
718 1469 768 1533 regi
790 1475 813 1515 et
841 1469 911 1516 uxori
931 1467 1054 1518 Berenicae
1072 1470 1199 1517 occasione

143 1579 197 1610 eum
214 1556 335 1618 audiendi,
353 1556 406 1603 navi
423 1572 476 1602 cum
494 1554 546 1602 aliis
564 1539 706 1620 quibusdam
724 1555 820 1619 captivis
837 1557 970 1620 impositus,
987 1556 1013 1602 in
1035 1555 1130 1603 ltaliam
1141 1572 1198 1621 pro·

140 1649 219 1696 'faetus
242 1651 283 1694 cst.
324 1643 354 1690 ld
378 1648 469 1701 autem,
490 1642 511 1689 si
533 1642 648 1690 rationem
672 1649 803 1706 temporum
824 1649 888 1690 recte
910 1642 1092 1707 descripsimus,
1114 1658 1198 1690 versus

142 1741 294 1784 auctumuum
312 1730 368 1777 anni
384 1728 416 1776 60
434 1727 521 1777 factum
540 1745 598 1789 esse,
621 1730 735 1794 sequitur.

231 1819 283 1867 Iam
300 1833 370 1876 verc,
396 1831 447 1881 quae
464 1815 489 1861 in
507 1814 701 1863 antecedentibus
719 1814 882 1879 exposuimus,
905 1815 1001 1881 egregie
1019 1814 1199 1876 confirmantur,

143 1926 217 1975 quum
239 1924 253 1954 a
274 1906 325 1951 viro
349 1900 507 1950 eruditissimo
532 1908 555 1948 et
578 1902 738 1967 sagacissimo.
780 1901 890 1967 Angero,
906 1902 970 1948 omni
987 1900 1093 1949 sollertia
1112 1908 1135 1949 et
1152 1903 1199 1951 cir·

143 1994 319 2059 cumspectione
337 1988 522 2036 demonstratum
540 1988 577 2047 sit,
595 1986 641 2034 hoc
660 2004 721 2036 anno
739 1994 762 2035 et
776 1986 938 2035 dimissionem
954 1986 1043 2035 Felicis
1065 1994 1088 2036 et
1105 2005 1198 2037 succes·

107 2060 109 2070 i
143 2075 233 2132 sionem
258 2078 325 2126 Festi
347 2076 427 2124 locum
447 2072 559 2121 babuisse
580 2074 608 2137 ¹),
649 2072 692 2121 Ad
715 2073 775 2121 bunc
792 2075 940 2137 scriptorem,
959 2091 1028 2139 quem
1044 2076 1198 2141 qrraestioncm

142 2167 316 2217 vexatissimam
333 2160 481 2226 expedivisse
499 2162 625 2227 omniaque
642 2160 716 2209 dubia
733 2160 858 2208 removisse
873 2161 936 2227 grati
954 2162 1114 2226 agnoscimus,
1138 2170 1199 2212 cete·

143 2275 196 2304 rum
213 2253 314 2301 lectores
329 2248 440 2315 ablegare
455 2247 545 2308 licebit,
561 2246 606 2295 hoc
624 2246 678 2296 loco
696 2246 767 2301 modo
784 2264 811 2294 ca
829 2245 976 2309 exhibentes,
992 2249 1018 2296 in
1029 2249 1116 2315 quibus
1126 2250 1199 2299 carelo

143 2346 179 2392 rei
196 2339 326 2388 uersatur.¹

222 2424 311 2485 Felix,
334 2440 406 2489 quum
425 2440 504 2470 coram
521 2436 549 2468 eo
566 2419 658 2468 Paulus
675 2421 807 2481 sisteretur,
829 2429 971 2486 procurator
988 2430 1038 2472 erat
1054 2422 1159 2485 dudem,
1178 2431 1202 2474 et

145 2514 241 2584 quidem
264 2518 288 2562 ἐκ
310 2510 401 2562 πολλῶν
419 2509 477 2560 ἑτῶν
495 2506 563 2574 (Aut.
580 2505 621 2567 24,
640 2507 691 2572 10).
731 2507 853 2555 Successit
872 2509 893 2556 is
912 2508 1030 2570 Cumano,
1047 2513 1072 2558 iu
1092 2511 1202 2559 exsilium

143 2605 230 2661 misso,
247 2597 319 2663 paulo
338 2603 391 2644 aute
409 2613 480 2662 quam
498 2593 632 2660 Agrippam
649 2593 775 2654 tetrarchia
791 2591 900 2660 Philippi
916 2595 1016 2644 donaret
1034 2595 1158 2658 Claudius,
1175 2598 1201 2646 id

146 2688 224 2756 quod,
249 2692 308 2732 teste
324 2681 447 2748 doscpbo,
470 2681 557 2730 factum
577 2687 624 2741 cst,
649 2700 722 2747 quiam
748 2679 786 2728 bic
808 2678 976 2730 duodecimum
1000 2701 1086 2731 annum
1107 2686 1201 2749 imperii

145 2772 310 2839 complevisset
329 2770 360 2830 2),
377 2772 393 2821 i.
411 2786 432 2819 e,
449 2776 506 2833 poat
523 2785 544 2815 a.
562 2766 584 2818 d.
602 2766 639 2816 tlt
658 2767 710 2817 Cal.
726 2766 795 2816 Febr.
812 2783 832 2819 a.
853 2767 893 2815 53.
928 2769 999 2818 Felix
1017 2787 1074 2837 crgo
1096 2789 1143 2819 non
1165 2789 1200 2820 se-

144 2870 371 2885 W

192 2917 207 2960 ¹)
231 2914 239 2949 l
259 2923 329 2960 epag.
342 2914 418 2959 88sqq.

191 2977 209 3022 ²)
233 2974 312 3021 Joscplr.
325 2974 379 3011 nuto.
394 2978 424 3019 ⁴20,
442 2977 460 3014 7,
477 2976 494 3010 1.
523 2976 593 3020 Ile'pner
604 2971 624 3010 ot
635 2979 665 3011 καὶ
676 2971 761 3012 Κλαλὸιος
774 2969 844 3016 Φήλικα
855 2971 961 3014 Πάλλαντος
972 2974 1050 3023 ἀδελφὸν
1066 2976 1101 3013 τῶν
1113 2976 1159 3013 κατά
1170 2977 1202 3024 τήν

234 3034 324 3073 Ἰουδαίαν
336 3034 486 3085 προστησάμενον
497 3033 614 3084 πραγμάτωνΔ
639 3035 670 3084 τῆς
686 3036 706 3075 δὲ
723 3029 774 3085 ἀρχῆς
791 3032 890 3073 δωδέκατον
902 3039 939 3076 ἔτος
956 3034 990 3085 ἤδη
1008 3037 1128 3086 accinctionis,
1141 3038 1203 3089 δωρεῖ-

233 3114 263 3136 ται
275 3098 305 3136 τὸν
317 3095 412 3146 ’Λγρίππιι
424 3097 447 3149 τῇ
461 3097 552 3135 Φιλίππου
563 3102 659 3148 τετραρχίᾳ
673 3114 689 3138 κ,
702 3116 718 3139 τ.
730 3099 745 3137 λ.
768 3096 797 3132 ΒΕ
809 3097 864 3134 ΒῡΠο
876 3100 923 3139 dud.
935 3106 953 3144 2,
965 3106 993 3149 12,
1005 3107 1023 3139 8.
1206 3101 1207 3104 ¹

1052 3178 1072 3211 41⁶
