2638 3685
131 401 178 451 que
194 381 295 450 Ephesi,
312 398 394 431 versus
410 383 481 432 finem
499 400 519 432 a.
538 382 578 443 54,
593 389 620 431 ut
635 379 734 443 videtur,
751 381 831 432 sedem
849 383 977 435 constituit.
1011 382 1064 445 lbi,
1086 389 1113 432 ut
1128 380 1180 450 ipse

129 477 213 537 postea
236 486 315 519 coram
337 469 470 517 senioribus
493 467 606 532 Ephesiis
627 468 747 536 professus
772 477 820 532 est,
837 472 963 521 triennium
979 471 1096 538 transegit
1113 455 1195 543 (Acts¹

130 556 171 616 20,
193 556 236 619 31)
242 573 250 617 3
274 553 330 601 huic
353 561 433 603 autom
454 556 635 605 commorationi
651 554 722 621 paulo
740 557 835 606 brevius
852 561 965 625 temporis
983 559 1084 625 spatium
1102 555 1181 633 adsig-

128 657 186 690 nare
202 639 295 689 videtur
305 640 394 703 Lucas,
413 657 486 708 quum
504 659 558 691 eum
576 645 675 711 primum
690 661 734 709 per
750 651 799 693 tres
816 662 908 694 menses
924 648 949 695 in
965 662 1089 713 synagoga
1105 643 1197 717 libpre,

128 728 255 795 loquutum
271 728 360 789 fuisse,
380 735 464 794 postea
481 746 552 791 vero,
577 749 647 797 quum
664 730 773 778 nonnulli
790 730 930 781 dudaeorum
949 731 1110 798 impudentius
1127 748 1198 797 ape-r

129 821 191 876 rent,
213 832 257 880 per
276 814 398 864 biennium
422 816 447 863 iu
477 815 559 865 schola
580 817 686 883 Tyranni
713 817 835 866 cuiusdam
850 835 852 841 ’
865 818 1004 867 disseruisse
1026 824 1105 866 narret
1128 817 1199 879 (th

128 902 231 966 8-10).
272 902 355 950 Facile
380 910 468 951 autem,
482 904 593 952 interese
615 901 770 951 conciliantur
784 903 820 951 hae
837 907 999 971 uarrationes,
1023 921 1101 972 neque
1120 904 1200 951 enim¹

128 989 202 1038 verba
216 988 289 1038 Pauli
306 991 338 1038 ita
354 988 484 1056 premenda
501 994 564 1050 sunt,
589 1007 616 1038 ac
632 989 651 1037 si
668 988 759 1054 aliquot
775 1007 867 1039 menses
882 992 907 1039 in
923 991 965 1040 illo
982 992 1084 1039 triennio
1101 989 1183 1038 deesse
1198 1004 1201 1030 ³
1266 1023 1268 1032 t

129 1076 201 1141 plane
217 1075 355 1142 negandum
371 1078 410 1137 sit,
425 1092 501 1143 neque
519 1075 593 1124 verba
608 1074 693 1136 Lucae,
720 1093 748 1123 ac
771 1079 792 1124 si
817 1094 865 1125 non
888 1077 1101 1145 aliquudtempus
1124 1093 1184 1150 prec-

134 1162 249 1212 terillud
266 1162 390 1212 biennium
405 1162 530 1211 effluxerit.
563 1149 653 1228 Neque⁴
664 1161 727 1209 aliud
744 1162 825 1213 Lucas
845 1163 975 1226 adseverat,
994 1183 1063 1231 quam
1077 1163 1184 1238 biennio,

131 1256 218 1316 praeter
241 1248 296 1297 illos
319 1258 368 1298 tres
390 1267 482 1298 menses
504 1256 572 1297 antea
597 1257 802 1311 commemoratos,
823 1250 917 1316 elapso,
939 1253 1017 1299 animo
1035 1251 1185 1315 constituisse
1204 1276 1205 1292 t

131 1336 237 1386 Paulum
262 1335 428 1385 Macedoniam
451 1344 473 1385 et
495 1333 614 1384 Achaiam
636 1337 751 1400 revisere,
776 1336 822 1385 hcc
844 1354 900 1385 vcro
924 1340 968 1386 iter
990 1355 1038 1386 nou
1059 1336 1185 1390 confestim
1205 1350 1206 1378 t

132 1421 261 1490 adgressus
279 1430 320 1484 est,
339 1409 390 1485 sed,
407 1421 534 1472 Timotheo
554 1429 578 1470 et
594 1421 679 1470 Erastc
696 1425 720 1470 in
737 1422 904 1473 Macedoniam
922 1425 1046 1492 ablegatis,
1063 1426 1115 1490 ipse
1129 1427 1185 1474 ἐπέ-
1206 1434 1207 1462 ¹

133 1530 187 1572 oxea
210 1507 293 1579 χρόνον
313 1514 343 1566 εἰς
365 1508 409 1578 τήν
431 1509 518 1563 Ἀσίαν
542 1509 600 1574 (19,
619 1508 657 1557 21.
672 1509 722 1573 22).
759 1509 930 1560 Concludimus
949 1529 1021 1578 erpo,
1044 1509 1186 1574 eumpaulo
1207 1522 1208 1537 ¹

133 1595 228 1645 brevius
246 1597 348 1644 triennio
362 1595 454 1661 Ephesi
471 1603 589 1645 versatum
606 1595 683 1644 brisso.

222 1683 302 1731 Etiam
322 1682 383 1731 hauc
406 1683 616 1732 commorationem
637 1681 764 1747 Ephesiam
789 1684 883 1749 scriptis
904 1682 1029 1731 illustravit
1045 1683 1187 1749 Apostolus

125 1769 234 1818 ‘Miserat
258 1771 305 1818 iam
327 1777 395 1829 ante,
416 1768 443 1818 id
461 1769 527 1837 quod
551 1787 582 1817 ex
604 1768 617 1816 1
637 1767 691 1820 Gor.
710 1770 739 1831 5,
756 1769 772 1816 9
787 1771 1000 1830 omnino‘ooustat,
1017 1769 1047 1817 ad
1065 1758 1188 1838 ecclesiam
1211 1797 1212 1813 t

134 1855 325 1917 Corinthiaeam,
349 1857 400 1904 sine
423 1855 496 1905 dubio
520 1848 643 1905 etiamen
665 1855 776 1923 Epheso,
796 1856 936 1920 epistolam,
954 1874 1024 1923 quam
1042 1856 1188 1923 deperditam
1212 1873 1213 1896 t

135 1960 186 1992 esse
205 1961 286 1992 omnes
304 1943 412 1992 dolemus
431 1943 476 2008 2),
497 1961 549 1992 eam
571 1948 662 2003 autern,
685 1961 756 2010 qnam
777 1944 823 1990 iam
840 1942 940 2007 primam
955 1959 1080 2004 vocamus,
1096 1929 1189 2009 Ephesi

134 2032 247 2096 scriptam
270 2047 322 2077 esse
339 2031 391 2096 ipsa
408 2036 506 2079 testatur
525 2030 553 2093 (l
572 2027 629 2077 Corn
646 2029 684 2091 16,
701 2028 724 2090 8,
742 2028 777 2091 a),
795 2046 872 2095 neque
890 2028 919 2077 de
936 2037 1051 2093 tempore,
1066 2027 1115 2095 ''quo
1131 2013 1189 2078 ¹data
1214 2040 1215 2060 ¹

135 2120 174 2179 sit,
189 2116 256 2165 dubii
273 2114 362 2164 haerere
379 2133 511 2181 possumus.
551 2114 642 2164 Scribit
664 2118 724 2163 enim
746 2115 838 2163 Paulus
856 2115 882 2180 (l.
900 2117 939 2179 c),
962 2133 987 2163 se
1005 2114 1096 2180 Ephesi
1113 2100 1189 2192 usque

136 2204 167 2251 ad
191 2211 285 2268 tempus
306 2202 461 2250 Pentecostes
483 2220 643 2262 remansurm,
667 2219 744 2269 neque
768 2220 816 2249 non
834 2202 881 2249 alio
898 2202 952 2250 loeo
966 2202 1001 2267 (5,
1020 2201 1047 2265 7)
1064 2201 1128 2250 haud
1146 2202 1189 2276 0)·-

137 2308 206 2340 soure
224 2290 308 2349 innuit,
324 2290 413 2355 scripta
430 2306 481 2337 esse
499 2288 549 2339 haec
566 2296 671 2352 tempore
692 2306 835 2354 azymorum,
879 2288 991 2336 Enbebat
1009 2288 1104 2354 quidem
1122 2287 1189 2362 App·
1218 2322 1219 2330 1

138 2376 214 2426 stolus
230 2373 322 2439 Ephesi
339 2375 425 2424 multos
442 2375 597 2434 adversarios,
616 2373 645 2420 ad
662 2391 720 2441 quos
738 2373 802 2421 haud
820 2373 891 2422 dubie
909 2382 998 2440 spectat
1013 2374 1074 2422 illud
1091 2381 1190 2443 tdppao-
1219 2403 1220 2416 r

137 2461 306 2532 paippnusst'a,
333 2461 392 2524 32),
420 2461 484 2528 quod
507 2462 536 2511 de
553 2477 610 2509 vera
626 2477 704 2527 pugna
722 2479 773 2510 enm
797 2460 878 2508 bestiis
894 2479 1018 2526 perperam
1035 2457 1190 2525 interpretau-
1220 2473 1221 2486 ¹

139 2559 179 2598 tur
194 2548 321 2610 nonnulli,
345 2566 417 2614 quum
433 2556 509 2598 autem
529 2547 607 2597 adhuc
622 2548 714 2595 ianuam
732 2547 779 2595 sibi
802 2555 919 2612 apertam,
941 2546 1090 2595 inducendo
1108 2546 1190 2603 rideli-

139 2645 191 2698 eet,
214 2635 382 2700 rideret(16‚
406 2633 449 2698 9),
474 2634 524 2685 here
547 2636 599 2683 sine
617 2631 688 2682 dubio
706 2635 794 2699 scripta
812 2641 867 2680 sunt
883 2641 936 2681 ante
954 2633 1020 2681 illum
1039 2651 1052 2681 a
1068 2633 1190 2682 Demetrio
1222 2650 1223 2659 ¹

140 2725 266 2774 excitatum
282 2722 408 2770 tumultum
427 2721 492 2787 (Act.
510 2723 550 2784 19,
569 2719 601 2769 23
619 2724 697 2787 sqq.],
721 2731 769 2788 quc
787 2719 868 2768 sedato
886 2718 1007 2785 Ephesum
1023 2739 1079 2769 mox
1096 2720 1193 2796 reliquit

140 2811 192 2878 (20,
209 2811 240 2875 Ι).
276 2809 367 2859 lllissus
389 2815 439 2856 crat
461 2809 602 2858 Timotheus
620 2823 647 2854 eo
665 2808 777 2868 consilio,
800 2816 826 2854 ut
844 2807 912 2854 etiam
931 2806 1071 2856 Corinthum
1088 2808 1199 2858 visitaret

149 2954 377 2965 -......---·---

186 3026 205 3070 ²)
228 3023 277 3059 Eam
287 3021 337 3057 01¹5!ss
347 3020 452 3068 tpislfllem,
465 3035 505 3071 quar
516 3024 554 3060 lroc
566 3020 643 3059 nourine
655 3021 795 3069 circumfertur,
808 3021 891 3070 spuriam
904 3033 952 3065 esse,
964 3032 1003 3058 non
1017 3032 1067 3071 opus
1077 3027 1113 3065 est,
1125 3027 1148 3058 ut
1156 3021 1192 3058 hoe
1227 3021 1228 3032 ¹

228 3086 272 3122 loce
286 3083 443 3124 denronstrernus.
